@book{RYDER,
  author = {Lewis H. Ryder},
  address = {},
  publisher = {Press Syndicate of the University of Cambridge},
  title = {Quantum Field Theory},
  year = 2006,
}

@book{ITZYKSON,
  author = {Claude Itzykson and Jean-Bernard Zuber},
  address = {},
  publisher = {McGraw-Hill, Inc.},
  title = {Quantum Field Theory},
  year = 1980,
}

@book{GARCIA,
  author = {Ernest M Henley and Alejandro Garcia},
  address = {},
  publisher = {World Scientific Publishing Co. Pte. Ltd.},
  title = {Subatomic Physics},
  year = 2007,
}

@Article{PDG,
 author       = "Beringer, J and et al. (Particle Data Group)",
 title        = "",
 journal      = "Phys. Rev. D86",
 volume       = "86",
 pages        = "010001",
 year         = "2012", 
 eprint       = "2013 partial update for the 2014 edition."
}

@Article{Neutrino_Oscillations,
  title = "{Evidence for Oscillation of Atmospheric Neutrinos}",
  authors = "{Fukuda, Y. and Hayakawa, T. and Ichihara, E. and Inoue, K. and Ishihara, K. and Ishino, H. and Itow, Y. and Kajita, T. and Kameda, J. and Kasuga, S. and Kobayashi, K. and Kobayashi, Y. and Koshio, Y. and Miura, M. and Nakahata, M. and Nakayama, S. and Okada, A. and Okumura, K. and Sakurai, N. and Shiozawa, M. and Suzuki, Y. and Takeuchi, Y. and Totsuka, Y. and Yamada, S. and Earl, M. and Habig, A. and Kearns, E. and Messier, M. D. and Scholberg, K. and Stone, J. L. and Sulak, L. R. and Walter, C. W. and Goldhaber, M. and Barszczxak, T. and Casper, D. and Gajewski, W. and Halverson, P. G. and Hsu, J. and Kropp, W. R. and Price, L. R. and Reines, F. and Smy, M. and Sobel, H. W. and Vagins, M. R. and Ganezer, K. S. and Keig, W. E. and Ellsworth, R. W. and Tasaka, S. and Flanagan, J. W. and Kibayashi, A. and Learned, J. G. and Matsuno, S. and Stenger, V. J. and Takemori, D. and Ishii, T. and Kanzaki, J. and Kobayashi, T. and Mine, S. and Nakamura, K. and Nishikawa, K. and Oyama, Y. and Sakai, A. and Sakuda, M. and Sasaki, O. and Echigo, S. and Kohama, M. and Suzuki, A. T. and Haines, T. J. and Blaufuss, E. and Kim, B. K. and Sanford, R. and Svoboda, R. and Chen, M. L. and Conner, Z. and Goodman, J. A. and Sullivan, G. W. and Hill, J. and Jung, C. K. and Martens, K. and Mauger, C. and McGrew, C. and Sharkey, E. and Viren, B. and Yanagisawa, C. and Doki, W. and Miyano, K. and Okazawa, H. and Saji, C. and Takahata, M. and Nagashima, Y. and Takita, M. and Yamaguchi, T. and Yoshida, M. and Kim, S. B. and Etoh, M. and Fujita, K. and Hasegawa, A. and Hasegawa, T. and Hatakeyama, S. and Iwamoto, T. and Koga, M. and Maruyama, T. and Ogawa, H. and Shirai, J. and Suzuki, A. and Tsushima, F. and Koshiba, M. and Nemoto, M. and Nishijima, K. and Futagami, T. and Hayato, Y. and Kanaya, Y. and Kaneyuki, K. and Watanabe, Y. and Kielczewska, D. and Doyle, R. A. and George, J. S. and Stachyra, A. L. and Wai, L. L. and Wilkes, R. J. and Young, K. K.}",
  collaboration = "{(Super-Kamiokande Collaboration)}",
  journal = {Phys. Rev. Lett.},
  volume = {81},
  issue = {8},
  pages = {1562-1567},
  year = {1998},
  publisher = {American Physical Society},
}

 @article{CMS_Higgs,
      author         = "Chatrchyan, Serguei and others",
      title          = "{Observation of a new boson at a mass of 125 GeV with the
                        CMS experiment at the LHC}",
      collaboration  = "[CMS Collaboration]",
      journal        = "Phys. Lett. B",
      volume         = "716",
      pages          = "30",
      year           = "2012",
      eprint         = "arXiv:1207.7235",
      archivePrefix  = "arXiv",
      primaryClass   = "hep-ex",
      reportNumber   = "CMS-HIG-12-028, CERN-PH-EP-2012-220",
      SLACcitation   = "%%CITATION = ARXIV:1207.7235;%%",
}

@article{ATLAS_Higgs,
      author         = "Aad, Georges and others",
      title          = "{Observation of a new particle in the search for the
                        Standard Model Higgs boson with the ATLAS detector at the
                        LHC}",
      collaboration  = "[ATLAS Collaboration]",
      journal        = "Phys. Lett. B",
      volume         = "716",
      pages          = "1",
      year           = "2012",
      eprint         = "arXiv:1207.7214",
      archivePrefix  = "arXiv",
      primaryClass   = "hep-ex",
      reportNumber   = "CERN-PH-EP-2012-218",
      SLACcitation   = "%%CITATION = ARXIV:1207.7214;%%",
}

@article{Sullivan,
  title = {Model independent reach for <span class="aps-inline-formula"><math display="inline"><msup><mi>W</mi><mo>'</mo></msup></math></span> bosons at the LHC},
  author = {Duffty, Daniel and Sullivan, Zack},
  journal = {Phys. Rev. D},
  volume = {86},
  issue = {7},
  pages = {075018},
  numpages = {8},
  year = {2012},
  month = {Oct},
  publisher = {American Physical Society},
  doi = {10.1103/PhysRevD.86.075018},
  url = {http://link.aps.org/doi/10.1103/PhysRevD.86.075018}
}


@Article{ATLAS-EXP,
 author       = {{ATLAS Collaboration}},
 title        = "The ATLAS Experiment at the CERN Large Hadron Collider",
 journal      = "JINST",
 volume       = "3",
 year         = "2008",
 pages        = "S08003",
 eprint       = ""
}

@article{Linac2,
 title={The New CERN 50MeV Linac},
 author             = "E. Boltezar and H. Haseroth and W. Pirkl and T. Sherwood and U. Tallgren and P. Tetu and D. Warner and M. Weiss",
 journal={Proc. 1979 Linear Accelerator Conference},
 address={Montauk},
 volume={BNL 51134},
 number={66},
 year={1979}
}

@article{PSB,
      author        = "Mikulec, B and Blas, A and Carli, C and Findlay, A and
                       Hanke, K and Rumolo, G and Tan, J",
      title         = "{LHC Beams from the CERN PS Booster}",
      number        = "CERN-ATS-2009-070",
      pages         = "4 p",
      month         = "May",
      year          = "2009",
}

@book{PS,
      author        = "Barnes, Michael and Benedikt, Michael and Blackmore, Ewart
                       W and Blas, Alfred and Borburgh, Jan and Cappi, R and
                       Chanel, Michel and Chohan, Vinod and Cifarelli, Franco and
                       Clark, G and Daems, Gilbert and Evans, Lyndon R and Fowler,
                       Anthony B and Garoby, Roland and González, J and Grier,
                       Dennis G and Gruber, Jacques and Hancock, Stephen and Hill,
                       Charles E and Jansson, Andreas and Jensen, Erk and
                       Koscielniak, Shane Rupert and Krusche, Achim and Losito,
                       Roberto and Maesen, Pierre and Mammarella, F and
                       Metzmacher, Klaus D and Mitra, A and Olsfors, Jan and
                       Paoluzzi, Mauro and Pedersen, J and Poirier, R and Raich,
                       Ulrich and Reiniger, K W and Ries, T C and Riunaud, J P and
                       Royer, Jean Pierre and Sassowsky, Manfred and Schindl,
                       Karlheinz and Schönauer, Horst Otto and Sermeus, Luc and
                       Thivent, Michel and Ullrich, H M and Van Cauter, W and
                       Vretenar, Maurizio and Völker, F V",
      title         = "{The PS complex as proton pre-injector for the LHC: design
                       and implementation report}",
      publisher     = "CERN",
      address       = "Geneva",
      year          = "2000",
}

@book{SPS,
 author = "P. Collier and B. Goddard",
 title = "PREPARATION OF THE SPS AS LHC INJECTOR",
 publisher = "CERN",
 address = "Geneva",
 year = "1998"
}

@book{LHC,
      author        = "Brüning, Oliver Sim and Collier, Paul and Lebrun, P and
                       Myers, Stephen and Ostojic, Ranko and Poole, John and
                       Proudlock, Paul",
      title         = "{LHC Design Report}",
      publisher     = "CERN",
      address       = "Geneva",
      year          = "2004",
}

@article{CMS,
  title={The Compact Muon Solenoid Technical Proposal},
  author={Bayatian, G. and CMS collaboration and others},
  journal={CERN/LHCC},
  volume={94},
  pages={38},
  year={1994}
}

@article{ALICE,
  title={The ALICE experiment at the CERN LHC},
  author={{ALICE Collaboration}},
  journal={Journal of Instrumentation},
  volume={3},
  number={08},
  pages={S08002},
  year={2008},
  publisher={IOP Publishing}
}


@article{TOTEM,
  title={The TOTEM Experiment at the CERN Large Hadron Collider},
  author={{TOTEM Collaboration}},
  journal={Journal of Instrumentation},
  volume={3},
  number={08},
  pages={S08007},
  year={2008},
  publisher={IOP Publishing}
}
@article{LHCb,
  title={The LHCb detector at the LHC},
  author={{LHCb Collaboration}},
  journal={Journal of Instrumentation},
  volume={3},
  number={08},
  pages={S08005},
  year={2008},
  publisher={IOP Publishing}
}
@article{LHCf,
  title={The LHCf detector at the CERN Large Hadron Collider},
  author={{LHCf Collaboration}},
  journal={Journal of Instrumentation},
  volume={3},
  number={08},
  pages={S08006},
  year={2008},
  publisher={IOP Publishing}
}
@techreport{MoEDAL,
  title={Technical design report of the moedal experiment},
  author={{MoEDAL Collaboration}},
  year={2009},
  institution={Tech. Rep. CERN-LHCC-2009-006. MoEDAL-TDR-001, CERN, Geneva}
}

@book{TDR1,
      title         = "{ATLAS detector and physics performance: Technical Design
                       Report, 1}",
      publisher     = "CERN",
      collaboration = "ATLAS Collaboration",
      address       = "Geneva",
      series        = "Technical Design Report ATLAS",
      year          = "1999",
      note          = "Electronic version not available",
}

@book{MAGNET,
      title         = "{ATLAS magnet system: Technical Design Report, 1}",
      publisher     = "CERN",
      collaboration = "ATLAS Collaboration",
      address       = "Geneva",
      series        = "Technical Design Report ATLAS",
      year          = "1997",
}

@article{PIXEL,
      author        = "Aad, G and Ackers, M and Alberti, F A and Aleppo, M and
                       Alimonti, G and Alonso, J and Anderssen, E C and Andreani,
                       A and Andreazza, A and Arguin, J-F and Arms, K E and
                       Barberis, D and Barbero, M B and Bazalova, M and Beccherle,
                       R B and Becks, K H and Behera, P K and Bellina, F and
                       Beringer, J and Bernardet, K and Biesiada, J B and
                       Blanquart, L and Boek, J and Boyd, G R and Breugnon, P and
                       Buchholz, P and Butler, B and Caccia, M and Capsoni, A C
                       and Caso, C and Cauz, D and Cepeda, M and Cereseto, R and
                       Cervetto, M and Chu, M L and Citterio, M and Clemens, J C
                       and Coadou, Y C and Cobal, M and Coccaro, A and Coelli, S
                       and Corréard, S and Cristinziani, M and Cuneo, S and
                       Dauria, S and Dameri, M and Darbo, G and Dardin, S and
                       DeLotto, B and De Sanctis, U and De Vivie De Regie, J B and
                       del Papa, C and Delpierre, P and Di Girolamo, B and
                       Dietsche, W and Djama, F and Dobos, D and Donega, M and
                       Dopke, J and Einsweiler, K and Eyring, A and Fasching, D
                       and Feligioni, L and Ferguson, D and Fernando, W and
                       Fischer, P and Fisher, M J and Flick, T and Gagliardi, G
                       and Galyaev, E and Gan, K K and García-Sciveres, M and
                       Garelli, N and Gariano, G G and Gaycken, G G and Gemme, C
                       and Gerlach, P and Gilchriese, M G D and Giordani, M P and
                       Giugni, D and Glitza, K W and Gössling, C and Golling, T
                       and Goozen, F and Gorelov, I and Gorfine, G and Grah, C and
                       Gray, H M and Gregor, I M and Grosse-Knetter, J and Grybel,
                       K and Gutíerrez, P and Hallewell, G D and Hartman, N and
                       Havranek, M and Heinemann, B and Henß, T and Hoeferkamp, M
                       R and Hoffmann, D and Holder, M and Honerbach, W and Horn,
                       C and Hou, S and Huang, G S and Huegging, F and Hughes, E W
                       and Ibragimov, I and Ilyashenko, I and Imhaeuser, M and
                       Izen, J M and Jackson, J and Jana, D and Jared, R C and
                       Jez, P and Johnson, T and Joseph, J and Kagan, H and
                       Karagounis, M and Kass, R D and Keil, M and Kersten, S and
                       Kind, P and Klaiber-Lodewigs, J and Klingbeil, L and
                       Klingenberg, R and Korn, A and Kostyukhin, V V and
                       Kostyukhina, I and Krasel, O and Krüger, H and Krüger, K
                       and Kudlaty, J and Kühl, T and Kvasnicka, O and Lantzsch,
                       K and Lari, T and Latorre, S L and Lee, S C and Lenz, T and
                       Lenzen, G and Lepidis, J and Levêque, J and Leyton, M and
                       Lopez Mateos, D and Loureiro, K F and Lüke, D and Luisa, L
                       and Lys, J and Madaras, R J and Mättig, P and Manca, F M
                       and Mandelli, E and Marcisovsky, M and Marshall, Z and
                       Martínez, G and Masetti, L and Maß, M and Mathes, M and
                       McKay, R and Meddeler, G and Meera-Lebbai, R and Meroni, C
                       and Metcalfe, J and Meyer, W T and Miller, D W and Miller,
                       W and Montesano, S and Monti, M M and Morettini, P and
                       Moss, J M and Mouthuy, T and Nechaeva, P and Ockenfels, W
                       and Odino, G A and Olcese, M and Osculati, B and Parodi, F
                       and Pekedis, A and Perez, K and Peric, I and Pizzorno, C
                       and Popule, J and Post, R and Ragusa, F and Rahimi, A M and
                       Raith, B and Rajek, S and Reeves, K and Reisinger, I and
                       Richardson, J D and Rosenberg, E I and Rossi, L P and
                       Rottländer, I and Rovani, A R and Rozanov, A and
                       Runólfsson, O and Ruscino, E R and Saavedra, A F and
                       Sabatini, F S and Saleem, M and Sandvoss, S and Sanny, B
                       and Santi, L and Scherzer, M I and Schiavi, C and
                       Schreiner, A and Schultes, J and Schwartzman, A and
                       Seibert, R and Seidel, S C and Severini, H and Shanava, S
                       and Sícho, P and Skubic, P and Smith, A C and Smith, D S
                       and Snow, J and Stahl, T and Stockmanns, T and Strandberg,
                       S and Strauss, M and Ta, D and Tegenfeldt, F and Teng, P K
                       and Ter-Antonian, R and Thadome, J and Tic, T and Tomasek,
                       L and Tomasek, M and Tomasi, F and Toms, K and Tran, C and
                       Treis, J and Triplett, N and Troncon, C and Vacavant, L and
                       Vahsen, S and Valenta, J and Vegni, G and Vernocchi, F and
                       Vigeolas, E and Virzi, J and Viscione, E and Vrba, V and
                       Walbersloh, J and Walkowiak, W and Weber, J and Weber, T F
                       and Weingarten, J and Weldon, C and Wermes, N and
                       Werthenbach, U and Wirth, J S and Witharm, R and Witt, B
                       and Wittgen, M and Wüstenfeld, J and Wunstorf, R and
                       Wyckoff, J and Yao, W-M and Young, C and Zaidan, R and
                       Zdrazil, M and Zetti, F and Zhong, J and Ziolkowski, M and
                       Zizka, G and Zoeller, M M",
      title         = "{ATLAS pixel detector electronics and sensors}",
      journal       = "J. Instrum.",
      volume        = "3",
      pages         = "P07007",
      year          = "2008",
}

@techreport{SCT_Barrel,
      author        = "Abdesselam, A and Akimoto, T",
      title         = "{The Barrel Modules of the ATLAS SemiConductor Tracker}",
      institution   = "CERN",
      address       = "Geneva",
      number        = "ATL-INDET-PUB-2006-005. ATL-COM-INDET-2006-009.
                       CERN-ATL-COM-INDET-2006-009",
      month         = "Jul",
      year          = "2006",
}

@article{SCT_Endcap,
      author        = "Abdesselam, A and Anghinolfi, F",
      title         = "{The ATLAS semiconductor tracker end-cap module}",
      journal       = "Nucl. Instrum. Methods Phys. Res., A",
      number        = "3",
      volume        = "575",
      pages         = "353-389",
      year          = "2007",
}
 	
@article{TRT,
  author={Ahmet Bingül},
  title={The ATLAS TRT and its Performance at LHC},
  journal={Journal of Physics: Conference Series},
  volume={347},
  number={1},
  pages={012025},
  year={2012}
}
	
@article{TRT_Barrel,
  title={The ATLAS TRT barrel detector},
  author={{ATLAS Collaboration}},
  journal={Journal of Instrumentation},
  volume={3},
  number={02},
  pages={P02014},
  year={2008},
  publisher={IOP Publishing}
}

@article{TRT_Endcap,
  title={The ATLAS TRT end-cap detectors},
  author={{ATLAS Collaboration}},
  journal={Journal of Instrumentation},
  volume={3},
  number={10},
  pages={P10003},
  year={2008},
  publisher={IOP Publishing}
}

@article{EMCAL_Barrel,
title = "Construction, assembly and tests of the \{ATLAS\} electromagnetic barrel calorimeter ",
journal = "Nuclear Instruments and Methods in Physics Research Section A: Accelerators, Spectrometers, Detectors and Associated Equipment ",
volume = "558",
number = "2",
pages = "388 - 418",
year = "2006",
author = "B. Aubert and B. Beaugiraud and J. Colas and P. Delebecque and L. Di Ciaccio and M. El Kacimi and P. Ghez and C. Girard and M. Gouanère and D. Goujdami and A. Jeremie and S. Jézéquel and R. Lafaye and N. Massol and P. Perrodo and H. Przysiezniak and G. Sauvage and J. Thion and I. Wingerter-Seez and R. Zitoun and Y. Zolnierowski and R. Alforque and H. Chen and J. Farrell and H. Gordon and R. Grandinetti and R. Hackenburg and A. Hoffmann and J. Kierstead and J. Koehler and F. Lanni and D. Lissauer and H. Ma and D. Makowiecki and T. Muller and S. Norton and V. Radeka and D. Rahm and M. Rehak and S. Rajagopalan and S. Rescia and K. Sexton and J. Sondericker and I. Stumer and H. Takai and A. Belymam and D. Benchekroun and C. Driouichi and A. Hoummada and M. Hakimi and M. Knee and R. Stroynowski and B. Wakeland and V. Datskov and V. Drobin and M. Aleksa and J. Bremer and T. Carli and M. Chalifour and J.L. Chevalley and F. Djama and L. Ema and C. Fabre and P. Fassnacht and F. Gianotti and A. Gonidec and J.B. Hansen and L. Hervas and T. Hott and C. Lacaste and C.P. Marin and P. Pailler and A. Pleskatch and D. Sauvage and G. Vandoni and V. Vuillemin and H. Wilkens and S. Albrand and B. Belhorma and J. Collot and P. de Saintignon and D. Dzahini and A. Ferrari and J. Fulachier and M.L. Gallin-Martel and J.Y. Hostachy and G. Laborie and F. Ledroit-Guillon and P. Martin and J.F. Muraz and F. Ohlsson-Malek and S. Saboumazrag and S. Viret and R. Othegraven and C. Zeitnitz and D. Banfi and L. Carminati and D. Cavalli and M. Citterio and G. Costa and M. Delmastro and M. Fanti and L. Mandelli and M. Mazzanti and F. Tartarelli and E. Augé and S. Baffioni and J. Bonis and W. Bonivento and C. Bourdarios and C. De la Taille and L. Fayard and D. Fournier and G. Guilhem and P. Imbert and L. Iconomidou-Fayard and G. Le Meur and M. Mencik and J.-M. Noppe and G. Parrour and P. Puzo and D. Rousseau and A.-C. Schaffer and N. Seguin-Moreau and L. Serin and G. Unal and J.-J. Veillet and F. Wicek and D. Zerwas and F. Astesan and W. Bertoli and B. Canton and F. Fleuret and D. Imbault and D. Lacour and B. Laforge and Ph. Schwemling and E.M. Abouelouafa and A. Ben Mansour and R. Cherkaoui and Y. El Mouahhidi and H. Ghazlane and A. Idrissi and K. Bazizi and D. England and V. Glebov and T. Haelen and F. Lobkowicz and P. Slattery and J. Belorgey and N. Besson and M. Boonekamp and D. Durand and J. Ernwein and B. Mansoulié and F. Molinié and J.P. Meyer and P. Perrin and J. Schwindling and J.P. Taguet and H. Zaccone and B. Lund-Jensen and S. Rydstroem and Y. Tayalati and B. Botchev and G. Finocchiaro and J. Hoffman and R.L. McCarthy and M. Rijssenbeek and J. Steffens and M. Zdrazil and H.M. Braun",
}

  	
@article{EMCAL_Endcap,
  author={ATLAS Electromagnetic Liquid Argon Endcap Calorimeter Group and M Aleksa and F Astesan and D Banfi and F Barreiro and P
Barrillon and C Benchouk and W Bertoli and J Bremer and H M Braun and B Canton and L Carminati and T Carli and C Cerna and M Chalifour and J
L Chevalley and M Citterio and J Collot and G Costa and P Dargent and B Dekhissi and J E Derkaoui and F Djama and C Fabre and A Fallou and M
Fanti and P Fassnacht and D Fournier and C Gabaldon Ruiz and F Gianotti and J Giner and A Gonidec and F Henry-Couannier and L
Hervas and T Hott and F Hubaut and D Imbault and P Karst and V A Kazanin and K Y Kotov and L Labarga and D Lacour and B Laforge and P
Lopez-Iturriaga and G Macé and V Malychev and L Mandelli and P S Mangeard and B Mansoulié and C P Marin and A L Maslennikov and M
Mazzanti and J P Meyer and E Monnier and E Nebot Del Busto and V Niess and C Oliver and I A Orlov and P M Pailler and S V
Peleganchuk and J Del Peso and A Pleskatch and P Pralavorio and S Prat and P Puzo and M Raymond and B Resende and S Rodier and P
Romero and F Rossel and D Sauvage and A G Schamov and Ph Schwemling and J Schwindling and C Serfon and J Setien and L Serin and A
Soukharev and C De La Taille and A Talyshev and G Tartarelli and Y A Tikhonov and S Tisserant and J Toth and G Unal and G Vandoni and J
J Veillet and V Vuillemin and H G Wilkens and H Zhang},
  title={Construction, assembly and tests of the ATLAS electromagnetic end-cap calorimeters},
  journal={Journal of Instrumentation},
  volume={3},
  number={06},
  pages={P06002},
  year={2008},
}
	

@article{EMCAL_Presampler,
title = "Construction and test of the first two sectors of the ATLAS barrel liquid argon presampler ",
journal = "Nuclear Instruments and Methods in Physics Research Section A: Accelerators, Spectrometers, Detectors and Associated Equipment ",
volume = "479",
number = "2-3",
pages = "316 - 333",
year = "2002",
author = "M.L Andrieux and B Belhorma and A Belymam and D Benchekroun and R Cherkaoui and C Clement and J Collot and P de Saintignon and C Driouichi and D Dzahini and Y El Mouahhidi and H Erridi and A Ferrari and H Ghazlane and J.Y Hostachy and A Hoummada and A Idrissi and G Laborie and B Lund-Jensen and P Martin and J.F Muraz and J Soederqvist",
}

@ARTICLE{HCAL_Tile,
   author = "{{Aad}, G. and {Abbott}, B. and {Abdallah}, J. and {Abdelalim}, A.~A. and 
	{Abdesselam}, A. and {Abdinov}, O. and {Abi}, B. and {Abolins}, M. and 
	{Abramowicz}, H. and {Abreu}, H. and et al.}",
    title = "{Readiness of the ATLAS Tile Calorimeter for LHC collisions}",
  journal = "{European Physical Journal C}",
     year = "2010",
    month = "dec",
   volume = "70",
    pages = "{1193-1236}",
}

@techreport{HCAL_Barrel,
      author        = "Abdallah, J and Adragna, P and Alexa, C and Alves, R and
                       Amaral, P and Ananiev, A and Anderson, K and Andresen, X
                       and Antonaki, A and Batusov, V and Bednar, P and Bergeaas,
                       E and Biscarat, C and Blanch, O and Blanchot, G and Bohm, C
                       and Boldea, V and Bosi, F and Bosman, M and Bromberg, C and
                       Budagov, Yu A and Calvet, D and Cardeira, C and Carli, T
                       and Carvalho, J and Cascella, M and Castillo, M V and
                       Costello, J and Cavalli-Sforza, M and Cavasinni, V and
                       Cerqueira, A S and Clément, C and Cobal, M and Cogswell, F
                       and Constantinescu, S and Costanzo, D and Da Silva, P and
                       Davidek, M and David, T and Dawson, J and De, K and Del
                       Prete, T and Di Girolamo, B and Dita, S and Dolejsi, J and
                       Dolezal, Z and Dotti, A and Downing, R and Drake, G and
                       Efthymiopoulos, I and Errede, D and Errede, S and Farbin, A
                       and Fassouliotis, D and Feng, E and Fenyuk, A and Ferdi, C
                       and Ferreira, B C and Ferrer, A and Flaminio, V and Flix, J
                       and Francavilla, P and Fullana, E and Garde, V and
                       Gellerstedt, K and Giakoumopoulou, V and Giangiobbe, V and
                       Gildemeister, O and Gilewsky, V and Giokaris, N and Gollub,
                       N and Gomes, A and González, V and Gouveia, J and Grenier,
                       P and Gris, P and Guarino, V and Guicheney, C and
                       Sen-Gupta, A and Hakobyan, H and Haney, M and Hellman, S
                       and Henriques, A and Higón, E and Hill, N and Holmgren, S
                       and Hruska, I and Hurwitz, M and Huston, J and Jen-La
                       Plante, I and Jon-And, K and Junk, T and Karyukhin, A and
                       Khubua, J and Klereborn, J and Kopikov, S and Korolkov, I
                       and Krivkova, P and Kulchitsky, Y and Kurochkin, Yu and
                       Kuzhir, P and Lapin, V and Le Compte, T and Lefèvre, R and
                       Leitner, R and Li, J and Liablin, M and Lokajícek, M and
                       Lomakin, Y and Lourtie, P and Lovas, L and Lupi, A and
                       Maidantchik, C and Maio, A and Maliukov, S and Manousakis,
                       A and Marques, C and Marroquim, F and Martin, F and
                       Mazzoni, E and Merritt, F S and Myagkov, A and Miller, R
                       and Minashvili, I and Miralles, L and Montarou, G and
                       Némécek, S and Nessi, M and Nikitine, I and Nodulman, L
                       and Norniella, O and Onofre, A and Oreglia, M and Palan, B
                       and Pallin, D and Pantea, D and Pereira, A and Pilcher, J E
                       and Pina, J and Pinhão, J and Pod, E and Podlyski, F and
                       Portell, X and Poveda, J and Pribyl, L and Price, L E and
                       Proudfoot, J and Ramalho, M and Ramstedt, M and Raposeiro,
                       L and Reis, J and Richards, R and Roda, C and Romanov, V
                       and Rosnet, P and Roy, P and Ruiz, A and Rumiantsau, V and
                       Russakovich, N and Sada Costa, J and Salto, O and
                       Salvachúa, B and Sanchis, E and Sanders, H and Santoni, C
                       and Santos, J and Saraiva, J G and Sarri, F and Says, L P
                       and Schlager, G and Schlereth, J L and Seixas, J M and
                       Selldén, B and Shalanda, N and Shevtsov, P and Shochet, M
                       and Simaitis, V and Simonyan, M and Sisakian, A and
                       Sjölin, J and Solans, C and Solodkov, A and Solovianov, J
                       and Silva, O and Sosebee, M and Spanó, F and Speckmeyer, P
                       and Stanek, R and Starchenko, E and Starovoitov, P and Suk,
                       M and Sykora, I and Tang, F and Tas, P and Teuscher, R and
                       Tokar, S and Topilin, N and Torres, J and Underwood, D and
                       Usai, G and Valero, A and Valkár, S and Valls, J A and
                       Vartapetian, A and Vazeille, F and Vellidis, C and Ventura,
                       F and Vichou, I and Vivarelli, I and Volpi, M and White, A
                       and Zaitsev, A and Zenin, A and Zenis, T and Zenonos, Z and
                       Zenz, S and Zilka, B",
      title         = "{Design, Construction and Installation of the ATLAS
                       Hadronic Barrel Scintillator-Tile Calorimeter}",
      institution   = "CERN",
      collaboration = "ATLAS TileCal Collaboration",
      address       = "Geneva",
      number        = "ATL-TILECAL-PUB-2008-001. ATL-COM-TILECAL-2007-019",
      month         = "Nov",
      year          = "2007",
}

@techreport{HCAL_HEC,
      author        = "Gingrich, D M and Lachat, G and Pinfold, J L and Soukup, J
                       and Axen, D and Cojocaru, C and Oakham, G and O'Neill, M
                       and Vincter, M G and Aleksa, M and Bremer, J and Chalifour,
                       M and Fabre, C and Fassnacht, P and Gonidec, A and Pailler,
                       P and Vandoni, G and Cheplakov, A and Datskov, V and
                       Drobin, V and Fedorov, A and Golubykh, S and Javadov, N and
                       Kalinnikov, V and Kakurin, S and Kazarinov, M and Kukhtin,
                       V and Ladygin, E and Lazarev, A and Neganov, A and Pisarev,
                       I and Rousakovitch, N and Serochkin, E and Shilov, S N and
                       Shalyugin, A N and Usov, Yu and Bán, J and Bruncko, D and
                       Kladiva, E and Stavina, P and Strízenec, P and Heldmann, M
                       and Hohlfeld, M and Jakobs, K and Köpke, L and
                       Marschalkowski, E and Meder, D and Othegraven, R and
                       Schäfer, U and Schroff, D and Secker, H and Thomas, J and
                       Walkowiak, W and Zeitnitz, C and Azuelos, Georges and
                       Delsart, P-A and Leroy, C and Mazini, R and Mehdiyev, R and
                       Akimov, A and Blagov, M and Komar, A and Snesarev, A and
                       Speransky, M N and Sulin, V and Yakimenko, M and Aderholz,
                       M and Barillari, T and Brettel, H and Cwienk, W and Fent, J
                       and Fischer, A and Habring, J and Huber, J and Karev, A and
                       Kiryunin, A E and Kurchaninov, L and Laskus, H and Menke, S
                       and Mooshofer, P and Oberlack, H and Salihagic, D and
                       Schacht, P and Schmücker, H and Stenzel, H and Striegel, D
                       and Tribanek, W and Zimmer, J and Chen, T and Ping, J and
                       Qi, M and Falou, A and Mace, G and Chekulaev, S V and
                       Denisov, S and Levitsky, M and Minaenko, A and Mitrofanov,
                       G Ya and Moiseev, A and Pleskatch, A and Sytnik, V V and
                       Zakamsky, L and Benoit, P and Hoyle, K W and Honma, A and
                       Losty, M J and Maharaj, R and Oram, C J and Pattyn, E W and
                       Rosvick, M and Sbarra, C and Wellisch, H P and Wielers, M
                       and Birney, P S and Dobbs, M and Fincke-Keeler, M and
                       Fortin, D and Hodges, T A and Ince, T and Kanaya, N and
                       Keeler, R K and Langstaff, R and Lefebvre, M and McPherson,
                       R A and O'Neil, D C and Seuster, R and Forbush, D and
                       Mockett, P and Toevs, F and Braun, H M",
      title         = "{Construction, assembly and testing of the ATLAS hadronic
                       end-cap calorimeter}",
      institution   = "CERN",
      address       = "Geneva",
      number        = "ATL-LARG-PUB-2007-009. CERN-ATL-COM-LARG-2007-006",
      month         = "Apr",
      year          = "2007",
}

@techreport{HCAL_FCAL1,
      author        = "Orr, R S",
      title         = "{THE ATLAS FORWARD CALORIMETER}",
      institution   = "CERN",
      address       = "Geneva",
      number        = "ATL-LARG-PROC-2011-007",
      month         = "Oct",
      year          = "2011",
}

@article{HCAL_FCAL2,
  author={},
  title={The ATLAS Forward Calorimeter},
  journal={JINST},
  volume={3},
  number={02},
  pages={P02010},
  url={http://stacks.iop.org/1748-0221/3/i=02/a=P02010},
  year={2008},
  abstract={}
}

@book{MS_TDR,
      title         = "{ATLAS muon spectrometer: Technical Design Report}",
      publisher     = "CERN",
      collaboration = "ATLAS Collaboration",
      address       = "Geneva",
      series        = "Technical Design Report ATLAS",
      year          = "1997",
      note          = "distribution",
}

@book{Level1_Trigger,
      title         = "{ATLAS level-1 trigger: Technical Design Report}",
      publisher     = "CERN",
      collaboration = "ATLAS Collaboration",
      address       = "Geneva",
      series        = "Technical Design Report ATLAS",
      year          = "1998",
}

@book{HLT_TDR,
      author        = "Jenni, Peter and Nessi, Marzio and Nordberg, Markus and
                       Smith, Kenway",
      title         = "{ATLAS high-level trigger, data-acquisition and controls:
                       Technical Design Report}",
      publisher     = "CERN",
      collaboration = "ATLAS Collaboration",
      address       = "Geneva",
      series        = "Technical Design Report ATLAS",
      year          = "2003",
}



@techreport{Electrons,
      title         = "{Expected electron performance in the ATLAS experiment}",
      institution   = "CERN",
      address       = "Geneva",
      number        = "ATL-PHYS-PUB-2011-006",
      month         = "Apr",
      year          = "2011",
}

@techreport{Muons,
      title         = "{Preliminary results on the muon reconstruction
                       efficiency, momentum resolution, and momentum scale in
                       ATLAS 2012 pp collision data}",
      institution   = "CERN",
      address       = "Geneva",
      number        = "ATLAS-CONF-2013-088",
      month         = "Aug",
      year          = "2013",
}

@article{AntiKt,
  title={The anti-kt jet clustering algorithm},
  author={Cacciari, M. and Salam, G.P. and Soyez, G.},
  journal={Journal of High Energy Physics},
  volume={2008},
  number={04},
  pages={063},
  year={2008},
  publisher={IOP Publishing}
}

@techreport{MV1,
      title         = "{$b$-jet tagging calibration on $c$-jets containing
                       $D^{*+}$ mesons}",
      institution   = "CERN",
      collaboration = "ATLAS Collaboration",
      address       = "Geneva",
      number        = "ATLAS-CONF-2012-039",
      month         = "Mar",
      year          = "2012",
}

@techreport{BTAGGING,
      title         = "{Commissioning of the ATLAS high-performance b-tagging
                       algorithms in the 7 TeV collision data}",
      institution   = "CERN",
      collaboration = "ATLAS Collaboration",
      address       = "Geneva",
      number        = "ATLAS-CONF-2011-102",
      month         = "Jul",
      year          = "2011",
}

@techreport{MET,
      title         = "{Performance of Missing Transverse Momentum Reconstruction
                       in ATLAS studied in Proton-Proton Collisions recorded in
                       2012 at 8 TeV}",
      institution   = "CERN",
      address       = "Geneva",
      number        = "ATLAS-CONF-2013-082",
      month         = "Aug",
      year          = "2013",
}

@article{MADGRAPH,
      author         = "Alwall, Johan and Herquet, Michel and Maltoni, Fabio and
                        Mattelaer, Olivier and Stelzer, Tim",
      title          = "{MadGraph 5 : Going Beyond}",
      journal        = "JHEP",
      volume         = "1106",
      pages          = "128",
      doi            = "10.1007/JHEP06(2011)128",
      year           = "2011",
      eprint         = "1106.0522",
      archivePrefix  = "arXiv",
      primaryClass   = "hep-ph",
      reportNumber   = "FERMILAB-PUB-11-448-T",
      SLACcitation   = "%%CITATION = ARXIV:1106.0522;%%",
}

@article{PYTHIA,
	Author = {Sjostrand, T. and Mrenna, S. and Skands, P.},
	Journal = {JHEP},
	Pages = {026},
	Title = {{PYTHIA} Generator version 6.418},
	Volume = {05},
	Year = {2006}
}

@article{ACERMC,
	Author = {Kersevan, B. P. and Elzbieta, R. W.},
	Date-Added = {2007-12-12 00:56:26 -0500},
	Date-Modified = {2007-12-12 00:56:37 -0500},
	Journal = {hep-ph/0405247},
	Title = {{The Monte Carlo Event Generator AcerMC version 3.5 with interfaces to PYTHIA 6.4, HERWIG 6.5 and ARIADNE 4.1}},
	Year = {2008}
}

@Article{ALPGEN,
     author    = "Mangano, Michelangelo L. and Moretti, Mauro and Piccinini,
                  Fulvio and Pittau, Roberto and Polosa, Antonio D.",
     title     = "{ALPGEN, a generator for hard multiparton processes in
                  hadronic  collisions}",
     journal   = "JHEP",
     volume    = "07",
     year      = "2003",
     doi       = "10.1088/1126-6708/2003/07/001",
     pages     = "001",
     SLACcitation  = "%%CITATION = HEP-PH/0206293;%%"
}

@article{POWHEG,
	Author = {Nason, P.},
	Journal = {JHEP 11(2004)-040, hep-ph/0409146},
	Title = {A new method for combining NLO QCD computations with parton shower simulations},
	Year = {2004}
}

@article{MCNLO,
	Author = {Frixione, S. and Webber, B. R. and Nason, P.},
	Date-Added = {2007-12-12 01:00:13 -0500},
	Date-Modified = {2007-12-12 01:00:13 -0500},
	Journal = {hep-ph/0204244 and hep-ph/0305252},
	Title = {{MC@NLO} Generator version 3.4},
	Year = {2002}
}

@Article{HERWIG,
     author    = "Corcella, G. and others",
     title     = "{HERWIG 6.5: an event generator for Hadron Emission
                  Reactions With Interfering Gluons (including supersymmetric
                  processes)}",
     journal   = "JHEP",
     volume    = "01",
     year      = "2001",
     pages     = "010",
     SLACcitation  = "%%CITATION = HEP-PH/0011363;%%"
}

@Article{JIMMY,
     author    = "Butterworth, J. M. and Forshaw, Jeffrey R. and Seymour, M.
                  H.",
     title     = "{Multiparton interactions in photoproduction at HERA}",
     journal   = "Z. Phys. C",
     volume    = "72",
     year      = "1996",
     pages     = "637-646",
     doi       = "10.1007/s002880050286",
     SLACcitation  = "%%CITATION = HEP-PH/9601371;%%"
}



@Article{GEANT4,
     author    = "Agostinelli, S. and others",
     collaboration = "GEANT4",
     title     = "{GEANT4: A simulation toolkit}",
     journal   = "Nucl. Instrum. Meth. A",
     volume    = "506",
     year      = "2003",
     pages     = "250-303",
}

@article{BDT,
author = {Roe, B. P. et. al.},
title = {Boosted Decision Trees as an Alternative to Artificial Neural Networks for Particle Identification},
Journal = {physics/0408124v2},
year = {2004}
}

@Article{TMVA,
author 	=	"Hoecker, Andreas and Speckmayer, Peter and Stelzer, Joerg and Therhaag, Jan and von Toerne, Eckhard and Voss, Helge",
title 	 = 	"{TMVA: Toolkit for Multivariate Data Analysis}",
journal 	 = 	"PoS",
volume 	 = 	"ACAT",
year 	 = 	"2007",
pages 	 = 	"040",
eprint 	 = 	"physics/0703039",
archivePrefix 	 = 	"arXiv",
SLACcitation 	 = 	"%%CITATION = PHYSICS/0703039;%%"
} 

@article{KS,
     author = {Massey, Frank J.},
     journal = {Journal of the American Statistical Association},
    keywords = {gof, kstest},
    number = {253},
    pages = {68--78},
    posted-at = {2009-08-26 20:27:40},
    priority = {2},
    publisher = {American Statistical Association},
    title = {The Kolmogorov-Smirnov Test for Goodness of Fit},
     volume = {46},
    year = {1951}
}

@techreport{JES,
      author        = "Adomeit, S and Balli, F and Carli, T and Doglioni, C and
                       Gillberg, D and Halladjian, G and Malaescu, B and Mijovic,
                       L and Meyer, C and Picazio, A and Schramm, S and
                       Schwartzman, A and Taenzer, J and Terashi, K and Lopez
                       Mateos, D",
      title         = "{Jet energy scale and its systematic uncertainty in
                       proton-proton collisions at sqrt(s)=7 TeV with ATLAS 2011
                       data}",
      institution   = "CERN",
      address       = "Geneva",
      number        = "ATLAS-COM-CONF-2012-171",
      month         = "Aug",
      year          = "2012",
}

@article{JER,
      year={2013},
      issn={1434-6044},
      journal={The European Physical Journal C},
      volume={73},
      number={3},
      doi={10.1140/epjc/s10052-013-2306-0},
      title={Jet energy resolution in proton-proton collisions at sqrt(s)=7 TeV recorded in 2010 with the ATLAS detector},
      url={http://dx.doi.org/10.1140/epjc/s10052-013-2306-0},
      publisher={Springer-Verlag},
      collaboration  = "[ATLAS Collaboration]",
      author={Aad, G. and others},
      pages={1-27},
      language={English}
}

@misc{JETRECO,
author={{ATLAS Collaboration}},
howpublished= {\url{https://twiki.cern.ch/twiki/bin/viewauth/AtlasProtected/TopJetReconstructionEfficiency}},
title="Jet Reconstruction Efficiency"
}

@article{JVF,
      author         = "The ATLAS collaboration",
      title          = "{Pile-up subtraction and suppression for jets in ATLAS}",
      year           = "2013",
      reportNumber   = "ATLAS-CONF-2013-083, ATLAS-COM-CONF-2013-097",
      SLACcitation   = "%%CITATION = ATLAS-CONF-2013-083 ETC.;%%",
}

@techreport{CTAGGING,
      title         = "{$b$-jet tagging calibration on $c$-jets containing
                       $D^{*+}$ mesons}",
      institution   = "CERN",
      collaboration = "ATLAS Collaboration",
      address       = "Geneva",
      number        = "ATLAS-CONF-2012-039",
      month         = "Mar",
      year          = "2012",
}

@techreport{MISTAGGING,
      title         = "{Measurement of the Mistag Rate with 5 fb$^{-1}$ of Data
                       Collected by the ATLAS Detector}",
      institution   = "CERN",
      collaboration = "ATLAS Collaboration",
      address       = "Geneva",
      number        = "ATLAS-CONF-2012-040",
      month         = "Mar",
      year          = "2012",
}

@article{ELECTRONRECO,
year={2012},
issn={1434-6044},
journal={The European Physical Journal C},
volume={72},
number={3},
doi={10.1140/epjc/s10052-012-1909-1},
title={Electron performance measurements with the ATLAS detector using the 2010 LHC proton-proton collision data},
url={http://dx.doi.org/10.1140/epjc/s10052-012-1909-1},
publisher={Springer-Verlag},
author={Aad, G. and others},
pages={1-46},
language={English}
}

@techreport{MUONRECO,
      title         = "{Preliminary results on the muon reconstruction
                       efficiency, momentum resolution, and momentum scale in
                       ATLAS 2012 pp collision data}",
      institution   = "CERN",
      address       = "Geneva",
      number        = "ATLAS-CONF-2013-088",
      month         = "Aug",
      year          = "2013",
}

@article{MSTW2008,
      author         = "Martin, A.D. and Stirling, W.J. and Thorne, R.S. and
                        Watt, G.",
      title          = "{Uncertainties on alpha(S) in global PDF analyses and
                        implications for predicted hadronic cross sections}",
      journal        = "Eur.Phys.J.",
      volume         = "C64",
      pages          = "653-680",
      doi            = "10.1140/epjc/s10052-009-1164-2",
      year           = "2009",
      eprint         = "0905.3531",
      archivePrefix  = "arXiv",
      primaryClass   = "hep-ph",
      reportNumber   = "IPPP-09-33, DCPT-09-66, CAVENDISH-HEP-09-06",
      SLACcitation   = "%%CITATION = ARXIV:0905.3531;%%",
}

@article{NNPDF23,
      author         = "Ball, Richard D. and Del Debbio, Luigi and Forte, Stefano
                        and Guffanti, Alberto and Latorre, Jose I. and others",
      title          = "{A first unbiased global NLO determination of parton
                        distributions and their uncertainties}",
      journal        = "Nucl.Phys.",
      volume         = "B838",
      pages          = "136-206",
      doi            = "10.1016/j.nuclphysb.2010.05.008",
      year           = "2010",
      eprint         = "1002.4407",
      archivePrefix  = "arXiv",
      primaryClass   = "hep-ph",
      reportNumber   = "EDINBURGH-2010-05, IFUM-952-FT, FR-PHENO-2010-014,
                        CP3-10-08",
      SLACcitation   = "%%CITATION = ARXIV:1002.4407;%%",
}

@article{ISRFSR,
      author         = "Aad, Georges and others",
      title          = "{Measurement of $t \bar{t}$ production with a veto on
                        additional central jet activity in pp collisions at
                        sqrt(s) = 7 TeV using the ATLAS detector}",
      collaboration  = "ATLAS Collaboration",
      journal        = "Eur.Phys.J.",
      volume         = "C72",
      pages          = "2043",
      doi            = "10.1140/epjc/s10052-012-2043-9",
      year           = "2012",
      eprint         = "1203.5015",
      archivePrefix  = "arXiv",
      primaryClass   = "hep-ex",
      reportNumber   = "CERN-PH-EP-2012-062",
      SLACcitation   = "%%CITATION = ARXIV:1203.5015;%%",
}

@article{LUMI,
      author         = "Aad, Georges and others",
      title          = "{Improved luminosity determination in $pp$ collisions at
                        $\sqrt{s}$ = 7 TeV using the ATLAS detector at the LHC}",
      collaboration  = "ATLAS",
      journal        = "Eur.Phys.J.",
      volume         = "C73",
      pages          = "2518",
      doi            = "10.1140/epjc/s10052-013-2518-3",
      year           = "2013",
      eprint         = "1302.4393",
      archivePrefix  = "arXiv",
      primaryClass   = "hep-ex",
      reportNumber   = "CERN-PH-EP-2013-026",
      SLACcitation   = "%%CITATION = ARXIV:1302.4393;%%",
}

@article{CLS,
      author         = "Junk, Thomas",
      title          = "{Confidence level computation for combining searches with
                        small statistics}",
      journal        = "Nucl.Instrum.Meth.",
      volume         = "A434",
      pages          = "435-443",
      doi            = "10.1016/S0168-9002(99)00498-2",
      year           = "1999",
      eprint         = "hep-ex/9902006",
      archivePrefix  = "arXiv",
      primaryClass   = "hep-ex",
      reportNumber   = "CARLETON-OPAL-PHYS-99-01, CERN-EP-99-041",
      SLACcitation   = "%%CITATION = HEP-EX/9902006;%%",
}

@article{CLS2,
      author        = "Read, A L",
      title         = "{Presentation of search results: the CL$_{s}$ technique}",
      journal       = "J. Phys. G",
      number        = "10",
      volume        = "28",
      pages         = "2693-704",
      year          = "2002",
}




















@unpublished{Figure-Atlas,
      author        = "Joao Pequenao",
      title         = "{Computer generated image of the whole ATLAS detector}",
      month         = "Mar",
      year          = "2008",
      institution   = "CERN",
}

@unpublished{Figure-InnerDetector,
      author        = "Joao Pequenao",
      title         = "{Computer generated image of the ATLAS inner detector}",
      month         = "Mar",
      year          = "2008",
      institution   = "CERN",
}

@unpublished{Figure-Calo,
      author        = "Joao Pequenao",
      title         = "{Computer Generated image of the ATLAS calorimeter}",
      month         = "Mar",
      year          = "2008",
      institution   = "CERN",
}

@unpublished{Figure-Muon,
      author        = "Joao Pequenao",
      title         = "{Computer generated image of the ATLAS Muons subsystem}",
      month         = "Mar",
      year          = "2008",
      institution   = "CERN",
}