


@Article{PDG,
 author       = "Beringer, J and et al. (Particle Data Group)",
 title        = "",
 journal      = "Phys. Rev. D86",
 volume       = "86",
 pages        = "010001",
 year         = "2012", 
 eprint       = "2013 partial update for the 2014 edition."
}


@article{Aaltonen:2008hc,
      author         = "Aaltonen, T. and others",
      title          = "{Forward-Backward Asymmetry in Top Quark Production in
                        $p\bar{p}$ Collisions at $sqrt{s}=1.96$ TeV}",
      collaboration  = "CDF ",
      journal        = "Phys.Rev.Lett.",
      volume         = "101",
      pages          = "202001",
      doi            = "10.1103/PhysRevLett.101.202001",
      year           = "2008",
      eprint         = "0806.2472",
      archivePrefix  = "arXiv",
      primaryClass   = "hep-ex",
      reportNumber   = "FERMILAB-PUB-08-171-E",
      SLACcitation   = "%%CITATION = ARXIV:0806.2472;%%",
}

@article{Berger:2011ua,
      author         = "Berger, Edmond L. and Cao, Qing-Hong and Chen, Chuan-Ren
                        and Li, Chong Sheng and Zhang, Hao",
      title          = "{Top Quark Forward-Backward Asymmetry and Same-Sign Top
                        Quark Pairs}",
      journal        = "Phys.Rev.Lett.",
      volume         = "106",
      pages          = "201801",
      doi            = "10.1103/PhysRevLett.106.201801",
      year           = "2011",
      eprint         = "1101.5625",
      archivePrefix  = "arXiv",
      primaryClass   = "hep-ph",
      reportNumber   = "ANL-HEP-PR-11-09, IPMU11-0008",
      SLACcitation   = "%%CITATION = ARXIV:1101.5625;%%",
}

@article{Baumgart:2013yra,
      author         = "Baumgart, Matthew and Tweedie, Brock",
      title          = "{Transverse Top Quark Polarization and the $t
                        \overline{t}$ Forward-Backward Asymmetry}",
      journal        = "JHEP",
      volume         = "1308",
      pages          = "072",
      doi            = "10.1007/JHEP08(2013)072",
      year           = "2013",
      eprint         = "1303.1200",
      archivePrefix  = "arXiv",
      primaryClass   = "hep-ph",
      SLACcitation   = "%%CITATION = ARXIV:1303.1200;%%",
}

@INPROCEEDINGS{2009APS..HAW.KD010C,
   author = {{Christianto}, V. and {Smarandache}, F.},
    title = "{Thirty Unsolved Problems in the Physics of Elementary Particles}",
booktitle = {APS Meeting Abstracts},
     year = 2009,
    pages = {K10},
   adsurl = {http://adsabs.harvard.edu/abs/2009APS..HAW.KD010C},
  adsnote = {Provided by the SAO/NASA Astrophysics Data System}
}



@article{TOTEM,
  title={The TOTEM Experiment at the CERN Large Hadron Collider},
  author={{TOTEM Collaboration}},
  journal={Journal of Instrumentation},
  volume={3},
  number={08},
  pages={S08007},
  year={2008},
  publisher={IOP Publishing}
}

@article{LHCf,
  title={The LHCf detector at the CERN Large Hadron Collider},
  author={{LHCf Collaboration}},
  journal={Journal of Instrumentation},
  volume={3},
  number={08},
  pages={S08006},
  year={2008},
  publisher={IOP Publishing}
}

@article{MV1,
       author       = {{ATLAS Collaboration}},
     title         = "{$b$-jet tagging calibration on $c$-jets containing
                       $D^{*+}$ mesons}",
      institution   = "CERN",
      collaboration = "ATLAS",
      number        = "ATLAS-CONF-2012-039",
      url           = "https://cds.cern.ch/record/1435193",
}


@article{BTAGGING,
       author       = {{ATLAS Collaboration}},
      title          = "{Calibration of $b$-tagging using dileptonic top pair
                        events in a combinatorial likelihood approach with the
                        ATLAS experiment}",
      year           = "2014",
      reportNumber   = "ATLAS-CONF-2014-004, ATLAS-COM-CONF-2014-003",
      url           = "https://cds.cern.ch/record/1664335",
}



@article{ACERMC,
	Author = {Kersevan, B. P. and Elzbieta, R. W.},
	Date-Added = {2007-12-12 00:56:26 -0500},
	Date-Modified = {2007-12-12 00:56:37 -0500},
	Journal = {hep-ph/0405247},
	Title = {{The Monte Carlo Event Generator AcerMC version 3.5 with interfaces to PYTHIA 6.4, HERWIG 6.5 and ARIADNE 4.1}},
	Year = {2008}
}

@Article{ALPGEN,
     author    = "Mangano, Michelangelo L. and Moretti, Mauro and Piccinini,
                  Fulvio and Pittau, Roberto and Polosa, Antonio D.",
     title     = "{ALPGEN, a generator for hard multiparton processes in
                  hadronic  collisions}",
     journal   = "JHEP",
     volume    = "07",
     year      = "2003",
     doi       = "10.1088/1126-6708/2003/07/001",
     pages     = "001",
     SLACcitation  = "%%CITATION = HEP-PH/0206293;%%"
}

@article{MCNLO,
	Author = {Frixione, S. and Webber, B. R. and Nason, P.},
	Date-Added = {2007-12-12 01:00:13 -0500},
	Date-Modified = {2007-12-12 01:00:13 -0500},
	Journal = {hep-ph/0204244 and hep-ph/0305252},
	Title = {{MC@NLO} Generator version 3.4},
	Year = {2002}
}

@Article{HERWIG,
     author    = "Corcella, G. and others",
     title     = "{HERWIG 6.5: an event generator for Hadron Emission
                  Reactions With Interfering Gluons (including supersymmetric
                  processes)}",
     journal   = "JHEP",
     volume    = "01",
     year      = "2001",
     pages     = "010",
     SLACcitation  = "%%CITATION = HEP-PH/0011363;%%"
}

@Article{JIMMY,
     author    = "Butterworth, J. M. and Forshaw, Jeffrey R. and Seymour, M.
                  H.",
     title     = "{Multiparton interactions in photoproduction at HERA}",
     journal   = "Z. Phys. C",
     volume    = "72",
     year      = "1996",
     pages     = "637-646",
     doi       = "10.1007/s002880050286",
     SLACcitation  = "%%CITATION = HEP-PH/9601371;%%"
}




@unpublished{Figure-LHCchain,
      author        = "Lyndon Evans, Philip Bryant",
      title         = "LHC Machine",
}



@unpublished{Figure-StdMdl,
      author        = "AAAS",
      title         = "The Standard Model",
      year          = "2012",
      institution   = "AAAS",
}



@Article{TMVA,
author 	=	"Hoecker, Andreas and Speckmayer, Peter and Stelzer, Joerg and Therhaag, Jan and von Toerne, Eckhard and Voss, Helge",
title 	 = 	"{TMVA: Toolkit for Multivariate Data Analysis}",
journal 	 = 	"PoS",
volume 	 = 	"ACAT",
year 	 = 	"2007",
pages 	 = 	"040",
eprint 	 = 	"physics/0703039",
archivePrefix 	 = 	"arXiv",
SLACcitation 	 = 	"%%CITATION = PHYSICS/0703039;%%"} 
@article{BDT,
author = {Roe, B. P. et. al.},
title = {Boosted Decision Trees as an Alternative to Artificial Neural Networks for Particle Identification},
Journal = {physics/0408124v2},
year = {2004}
}




@article{JES,
 author = {{ATLAS Collaboration}},
      title        = "Jet energy scale and its systematic uncertainty in
                      proton-proton collisions at $\sqrt{s} = 7$ TeV in ATLAS 2010
                      data",
      institution  = "CERN",
      address      = "Geneva",
      number       = "ATLAS-CONF-2011-032",
      url           = "https://cds.cern.ch/record/1337782",
}
@article{JESnew,
 author = {{ATLAS Collaboration}},
      title          = "{Jet energy measurement with the ATLAS detector in
                        proton-proton collisions at $\sqrt{s} = 7$ TeV}",
      year           = "2011",
      eprint         = "1112.6426",
      archivePrefix  = "arXiv",
      primaryClass   = "hep-ex",
      reportNumber   = "CERN-PH-EP-2011-191",
      SLACcitation   = "%%CITATION = ARXIV:1112.6426;%%",
      note           = "submitted to European Physical Journal C"
}





@article{Aad:2012xca,
      author         = "Aad, Georges and others",
      title          = "{Evidence for the associated production of a $W$ boson
                        and a top quark in ATLAS at $\sqrt{s}=7$ TeV}",
      collaboration  = "ATLAS ",
      journal        = "Phys.Lett.",
      volume         = "B716",
      pages          = "142-159",
      doi            = "10.1016/j.physletb.2012.08.011",
      year           = "2012",
      eprint         = "1205.5764",
      archivePrefix  = "arXiv",
      primaryClass   = "hep-ex",
      reportNumber   = "CERN-PH-EP-2012-117",
      SLACcitation   = "%%CITATION = ARXIV:1205.5764;%%",
}



@article{PYTHIAOLD,
     author  = {T.~Sj\"ostrand and others}, 
     title   = "{High-energy physics event generation with PYTHIA 6.1}",
     journal = {Computer Phys. Commun.},
     volume  = {135},
     year    = {2001},
     pages   = {238},
     eprint  = {hep-ph/0010017},
     archivePrefix = "arXiv",
}

@article{POWHEG1,
	Author = {Nason, P.},
	Journal = {JHEP 11(2004)-040, hep-ph/0409146},
	Title = {A new method for combining NLO QCD computations with parton shower simulations},
	Year = {2004}}

@article{POWHEG2,
	Author = {Frixione, S. and Nason, P. and others},
	Journal = {JHEP 11(2007)-126 and JHEP 09(2007)111, hep-ph/07092092 and hep-ph/07073088},
	Title = {Positive weight next-to-leading-order Monte Carlo},
	Year = {2007}}
@article{MCNLO1,
	Author = {Frixione, S. and Webber, B. and Nason, P.},
	Journal = {hep-ph/0512250 and hep-ph/08053067},
	Title = {Single-top production in MC@NLO},
	Year = {2002}}
@article{MCNLO2,
	Author = {Frixione, S. and Webber, B. R. and Nason, P.},
	Date-Added = {2007-12-12 01:00:13 -0500},
	Date-Modified = {2007-12-12 01:00:13 -0500},
	Journal = {hep-ph/0204244 and hep-ph/0305252},
	Title = {{MC@NLO} Generator version 3.4},
	Year = {2002}}




@Article{ATLAS-TTBAR-2010,
 author       = {{ATLAS Collaboration}},
 title        = "Measurement of the top quark pair production cross-section with ATLAS in pp collisions at 7 TeV",
 journal      = "Eur.Phys.J.",
 volume       = "C71",
 year         = "2011",
 pages        = "1577",
 eprint       = ""
}


@Article{BAT,
         author    = "Caldwell, Allen and Kollar, Daniel and Kroninger, Kevin",
         title     = "{BAT - The Bayesian Analysis Toolkit}",
         journal   = "Comput. Phys. Commun.",
         volume    = "180",
         year      = "2009",
         pages     = "2197-2209",
         eprint    = "0808.2552",
         archivePrefix = "arXiv",
         primaryClass  =  "physics.data-an",
         doi       = "10.1016/j.cpc.2009.06.026",
         SLACcitation  = "%%CITATION = 0808.2552;%%"
}

@misc{TOPCOMMONOBJECTS,
     author={{ATLAS Collaboration}},
     title = "Top common object selection criteria",
     howpublished= {\url{https://twiki.cern.ch/twiki/bin/viewauth/AtlasProtected/TopCommonObjects2011rel16}}

}

@misc{JESUNCERTAINTYSOFTWARE,
author={{ATLAS Collaboration}},
howpublished= {\url{https://twiki.cern.ch/twiki/bin/viewauth/AtlasProtected/JESUncertaintyProvider?rev=54}},
title = "Jet Energy Scale uncertainty provider"
}
@misc{JRE,
author={{ATLAS Collaboration}},
howpublished= {\url{https://twiki.cern.ch/twiki/bin/viewauth/AtlasProtected/TopJetReconstructionEfficiency}},
title="Jet Reconstruction Efficiency"
}
@misc{ELECTRONENERGYSYSTEMATICS,
author={{ATLAS Collaboration}},
howpublished= {\url{https://twiki.cern.ch/twiki/bin/viewauth/AtlasProtected/EnergyRescaler}},
title="Energy Rescaler"
}
@misc{MUONENERGYSYSTEMATICS,
author={{ATLAS Collaboration}},
howpublished= {\url{https://twiki.cern.ch/twiki/bin/viewauth/AtlasProtected/MCPAnalysisGuidelinesEPS2011}},
title = "Muon energy and momentum systematics"
}
@article{TTBARXS,
      author         = "Langenfeld, U. and Moch, S. and Uwer, P.",
      title          = "{New results for t anti-t production at hadron
                        colliders}",
      year           = "2009",
      eprint         = "0907.2527",
      archivePrefix  = "arXiv",
      primaryClass   = "hep-ph",
      reportNumber   = "DESY-09-104, SFB-CPP-09-61, HU-EP-09-31",
      SLACcitation   = "%%CITATION = ARXIV:0907.2527;%%",
}

@article{PLRcite,
  title={Asymptotic formulae for likelihood-based tests of new physics},
  author={Cowan, Glen and Cranmer, Kyle and Gross, Eilam and Vitells, Ofer},
  journal={The European Physical Journal C-Particles and Fields},
  volume={71},
  number={2},
  pages={1--19},
  year={2011},
  publisher={Springer}
}
@misc{ProfileWiki,
author={{ATLAS Collaboration}},
howpublished= {\url{https://twiki.cern.ch/twiki/bin/viewauth/AtlasProtected/TopProfilingChecks}},
title = "Top Profiling Checks"
}


@article{KS,
     author = {Massey, Frank J.},
     journal = {Journal of the American Statistical Association},
    keywords = {gof, kstest},
    number = {253},
    pages = {68--78},
    posted-at = {2009-08-26 20:27:40},
    priority = {2},
    publisher = {American Statistical Association},
    title = {The Kolmogorov-Smirnov Test for Goodness of Fit},
     volume = {46},
    year = {1951}
}


@book{ProfileLikelihoodUncertainty,
  title={Inference and asymptotics},
  author={Barndorff-Nielsen, Ole E and Cox, D David Roxbee},
  volume={52},
  year={1994},
  publisher={Chapman \& Hall/CRC}
}

@article{d0higgs,
  title={Evidence for a particle produced in association with weak bosons and decaying to a bottom-antibottom quark pair in Higgs boson searches at the Tevatron},
  author={{D0 Collaboration}},
  journal={Physical review letters},
  volume={109},
  number={7},
  pages={071804},
  year={2012},
  publisher={APS}
}


@article{Campbell:2011bn,
      author         = "Campbell, John M. and Ellis, R. Keith and Williams,
                        Ciaran",
      title          = "{Vector boson pair production at the LHC}",
      journal        = "JHEP",
      volume         = "1107",
      pages          = "018",
      doi            = "10.1007/JHEP07(2011)018",
      year           = "2011",
      eprint         = "1105.0020",
      archivePrefix  = "arXiv",
      primaryClass   = "hep-ph",
      reportNumber   = "FERMILAB-PUB-11-182-T",
      SLACcitation   = "%%CITATION = ARXIV:1105.0020;%%",
}


@unpublished{ATLAS-Solenoid,
      author        = "Maximilien Brice",
      title         = "{Alignement du solenoide ATLAS}",
      year          = "2004",
      institution   = "CERN",
}

@unpublished{ATLAS-Endcap-magnet,
      author        = "Christina; Aurelien Muller; Maximiliem Brice ",
      title         = "{Preparation for the lowering of the second Magnet End Cap Toroid into ATLAS cavern side C }",
      year          = "2007",
      institution   = "CERN",
}

@unpublished{ATLAS-Pixel,
      author        = "Joao Pequenao",
      title         = "{Computer generated images of the Pixel, part of the ATLAS inner detector.}",
      year          = "2008",
      institution   = "CERN",
}

@unpublished{ATLAS-MDT-wheel,
      author        = "Claudia Marcelloni",
      title         = "{MDT big wheel side C mechanically assembled}",
      year          = "2007",
      institution   = "CERN",
}

@unpublished{LHC-Pipe,
      author        = "AC Team",
      title         = "{Computer-generated diagram of an LHC dipole. Schéma d'un
                       dipôle du LHC}",
      year          = "1998",
      institution   = "CERN",
}

@unpublished{Tracks-through-ATLAS,
      author        = "Joao Pequenao",
      title         = "{Event Cross Section in a computer generated image of the
                       ATLAS detector.}",
      year          = "2008",
      institution   = "CERN",
}








@Article{Higgs:1964ia,
     author    = "Higgs, Peter W.",
     title     = "{Broken symmetries, massless particles and gauge fields}",
     journal   = "Phys. Lett.",
     volume    = "12",
     year      = "1964",
     pages     = "132-133",
     doi       = "10.1016/0031-9163(64)91136-9",
     SLACcitation  = "%%CITATION = PHLTA,12,132;%%"
}
@Article{Higgs:1964pj,
     author    = "Higgs, Peter W.",
     title     = "{Broken Symmetries and the Masses of Gauge Bosons}",
     journal   = "Phys. Rev. Lett.",
     volume    = "13",
     year      = "1964",
     pages     = "508-509",
     doi       = "10.1103/PhysRevLett.13.508",
     SLACcitation  = "%%CITATION = PRLTA,13,508;%%"
}
@Article{Higgs:1966ev,
     author    = "Higgs, Peter W.",
     title     = "{Spontaneous Symmetry Breakdown without Massless Bosons}",
     journal   = "Phys. Rev.",
     volume    = "145",
     year      = "1966",
     pages     = "1156-1163",
     doi       = "10.1103/PhysRev.145.1156",
     SLACcitation  = "%%CITATION = PHRVA,145,1156;%%"
}
@Article{Englert:1964et,
     author    = "Englert, F. and Brout, R.",
     title     = "{BROKEN SYMMETRY AND THE MASS OF GAUGE VECTOR MESONS}",
     journal   = "Phys. Rev. Lett.",
     volume    = "13",
     year      = "1964",
     pages     = "321-322",
     doi       = "10.1103/PhysRevLett.13.321",
     SLACcitation  = "%%CITATION = PRLTA,13,321;%%"
}

@Article{Guralnik:1964eu,
     author    = "Guralnik, G. S. and Hagen, C. R. and Kibble, T. W. B.",
     title     = "{GLOBAL CONSERVATION LAWS AND MASSLESS PARTICLES}",
     journal   = "Phys. Rev. Lett.",
     volume    = "13",
     year      = "1964",
     pages     = "585-587",
     doi       = "10.1103/PhysRevLett.13.585",
     SLACcitation  = "%%CITATION = PRLTA,13,585;%%"
}

@article{tevatron-bbbar,
      author         = "Aaltonen, Tim and others",
      title          = "{Evidence for a particle produced in association with weak bosons and 
                        decaying to a bottom-antibottom quark pair in Higgs boson searches at the Tevatron}",
      collaboration  = "(CDF and D0)",
      journal        = "Phys. Rev. Lett.",
      volume         = "109",
      pages          = "071804",
      year           = "2012",
}

@article{PhysRev.117.648,
  title = {Quasi-Particles and Gauge Invariance in the Theory of Superconductivity},
  author = {Nambu, Yoichiro},
  journal = {Phys. Rev.},
  volume = {117},
  issue = {3},
  pages = {648--663},
  numpages = {0},
  year = {1960},
  publisher = {American Physical Society},
  doi = {10.1103/PhysRev.117.648},
  url = {http://link.aps.org/doi/10.1103/PhysRev.117.648}
}

@article{PhysRev.130.439,
  title = {Plasmons, Gauge Invariance, and Mass},
  author = {Anderson, P. W.},
  journal = {Phys. Rev.},
  volume = {130},
  issue = {1},
  pages = {439--442},
  numpages = {0},
  year = {1963},
  publisher = {American Physical Society},
  doi = {10.1103/PhysRev.130.439},
  url = {http://link.aps.org/doi/10.1103/PhysRev.130.439}
}

@article{Actis:2009uq,
      author         = "Actis, Stefano and Mastrolia, Pierpaolo and Ossola,
                        Giovanni",
      title          = "{NLO QED Corrections to Hard-Bremsstrahlung Emission in
                        Bhabha Scattering}",
      journal        = "Phys.Lett.",
      volume         = "B682",
      pages          = "419-427",
      doi            = "10.1016/j.physletb.2009.11.035",
      year           = "2010",
      eprint         = "0909.1750",
      archivePrefix  = "arXiv",
      primaryClass   = "hep-ph",
      reportNumber   = "PITHA-09-20, SFB-CPP-09-81",
}




@article{ATLAS-CONF-2014-018,
       author       = {{ATLAS Collaboration}},
     title         = "{Tagging and suppression of pileup jets with the ATLAS
                       detector}",
      institution   = "CERN",
      number        = "ATLAS-CONF-2014-018",
      url           = "https://cds.cern.ch/record/1700870",
}




@Article{ATLAS-TTBAR-2010,
 author       = {{ATLAS Collaboration}},
 title        = "Measurement of the top quark pair production cross-section with ATLAS in pp collisions at 7 TeV",
 journal      = "Eur.Phys.J.",
 volume       = "C71",
 year         = "2011",
 pages        = "1577",
}



@book{TDR1,
      title         = "{ATLAS detector and physics performance: Technical Design
                       Report, 1}",
      publisher     = "CERN",
      collaboration = "ATLAS",
      series        = "Technical Design Report ATLAS",
      year          = "1999",
}









