


@book{Griffiths,
  author = {Griffiths, D.},
  address = {},
  publisher = {Wiley-VCH Verlag GmbH \& Co. KGaA, Weinheim},
  title = {Introduction to Elementary Particles},
  year = 2004,
}

@book{QFT-PS,
  author = {Michael E. Peskin and Daniel V. Schroeder},
  address = {},
  publisher = {Westview Press},
  title = {An Introduction to Quantum Field Theory},
  year = 1995,
}

@book{QFT-IZ,
  author = {Claude Itzykson and Jean-Bernard Zuber},
  address = {},
  publisher = {McGraw-Hill},
  title = {Quantum Field Theory},
  year = 1980,
}

@misc{SMPic,
      author        = "Kyle Cranmer",
      title         = "{A fresh look for the standard model}",
      year          = "2016",
      howpublished= {\url{http://theoryandpractice.org/2013/08/a-fresh-look-for-the-standard-model/#.V9Lx67MY200}}
}

@article{Aad:2012tfa,
      author         = {{ATLAS Collaboration}},
      title          = "{Observation of a new particle in the search for the
                        Standard Model Higgs boson with the ATLAS detector at the
                        LHC}",
      journal        = "Phys. Lett.",
      volume         = "B716",
      year           = "2012",
      pages          = "1-29",
      doi            = "10.1016/j.physletb.2012.08.020",
      eprint         = "1207.7214",
      archivePrefix  = "arXiv",
      primaryClass   = "hep-ex",
      reportNumber   = "CERN-PH-EP-2012-218",
}

@misc{Timeline,
      author        = {{The Economist online}},
      title         = "{The Standard Model of high energy physics Years from concept to discovery}",
      year          = "2012",
      institution   = "The Economist",
      howpublished= {\url{http://www.economist.com/blogs/graphicdetail/2012/07/daily-chart-1}},
}

@book{GROUPTHEORY,
  author = {Gallian, Joeseph A.},
  address = {},
  publisher = {Houghton Mifflin Company},
  title = {Contemporary Abstract Algebra},
  year = 2002,
}

@book{GROUPTHEORY2,
  author = {Wu-Ki Tung},
  address = {},
  publisher = {World Scientific Publishing Co. Pte. Ltd.},
  title = {Group Theory in Physics},
  year = 1985,
}

@article{topmass,
      title        = "The Top Quark",
      author       = {{T.M. Liss, F. Maltoni, and A. Quadt}},
      institution  = "Particle Data Group",
      year         = 2010,
      journal       = "J. Phys. G",
      collaboration = "Particle Data Group. Berkeley",
}

@Article{TOPWidth:1993,
     author    = "{M. Jezabek J. Kuhn}",
     title     = "{Top quark width: Theoretical update}",
     journal   = "Phys. Rev. D",
     year      = "1993",
     volume    = "48",
}

@article{CDF-topwidth,
      author         = "Aaltonen, T. and others",
      title          = "{Direct Top-Quark Width Measurement CDF}",
      collaboration  = "CDF",
      journal        = "Phys. Rev. Lett.",
      volume         = "105",
      year           = "2010",
      pages          = "232003",
      doi            = "10.1103/PhysRevLett.105.232003",
      eprint         = "1008.3891",
      archivePrefix  = "arXiv",
      primaryClass   = "hep-ex",
      reportNumber   = "FERMILAB-PUB-10-328-E",
      SLACcitation   = "%%CITATION = ARXIV:1008.3891;%%"
}

@article{D0-topwidth,
      author         = "Abazov, Victor Mukhamedovich and others",
      title          = "{Determination of the width of the top quark}",
      collaboration  = "D0",
      journal        = "Phys. Rev. Lett.",
      volume         = "106",
      year           = "2011",
      pages          = "022001",
      doi            = "10.1103/PhysRevLett.106.022001",
      eprint         = "1009.5686",
      archivePrefix  = "arXiv",
      primaryClass   = "hep-ex",
      reportNumber   = "FERMILAB-PUB-10-394-E",
      SLACcitation   = "%%CITATION = ARXIV:1009.5686;%%"
}

@article{D0TopWidth:2010,
      author         = "Abazov, Victor Mukhamedovich and others",
      title          = "{An Improved determination of the width of the top
                        quark}",
      collaboration  = "D0",
      journal        = "Phys. Rev.",
      volume         = "D85",
      year           = "2012",
      pages          = "091104",
      doi            = "10.1103/PhysRevD.85.091104",
      eprint         = "1201.4156",
      archivePrefix  = "arXiv",
      primaryClass   = "hep-ex",
      reportNumber   = "FERMILAB-PUB-12-014-E",
      SLACcitation   = "%%CITATION = ARXIV:1201.4156;%%"
}

%%%%%%%%%%%%%%%%%%%%%%%%%%%%%%%%%%%%%

@article{sgtopvtb,
      author         = "Heinson, Ann and Belyaev, A. S. and Boos, E. E.",
      title          = "{Single top quarks at the Fermilab Tevatron}",
      journal        = "Phys. Rev.",
      volume         = "D56",
      year           = "1997",
      pages          = "3114-3128",
      doi            = "10.1103/PhysRevD.56.3114",
      eprint         = "hep-ph/9612424",
      archivePrefix  = "arXiv",
      primaryClass   = "hep-ph",
      reportNumber   = "INP-MSU-96-41-448, UCR-96-25",
      SLACcitation   = "%%CITATION = HEP-PH/9612424;%%"
}

@article{Top-CDF,
      author         = "Abe, F. and others",
      title          = "{Observation of top quark production in $\bar{p}p$
                        collisions}",
      collaboration  = "CDF",
      journal        = "Phys. Rev. Lett.",
      volume         = "74",
      year           = "1995",
      pages          = "2626-2631",
      doi            = "10.1103/PhysRevLett.74.2626",
      eprint         = "hep-ex/9503002",
      archivePrefix  = "arXiv",
      primaryClass   = "hep-ex",
      reportNumber   = "FERMILAB-PUB-95-022-E, CDF-PUB-TOP-PUBLIC-3040,
                        ANL-HEP-PR-95-44",
      SLACcitation   = "%%CITATION = HEP-EX/9503002;%%"
}

@article{Top-D0,
      author         = "Abachi, S. and others",
      title          = "{Observation of the top quark}",
      collaboration  = "D0",
      journal        = "Phys. Rev. Lett.",
      volume         = "74",
      year           = "1995",
      pages          = "2632-2637",
      doi            = "10.1103/PhysRevLett.74.2632",
      eprint         = "hep-ex/9503003",
      archivePrefix  = "arXiv",
      primaryClass   = "hep-ex",
      reportNumber   = "FERMILAB-PUB-95-028-E",
      SLACcitation   = "%%CITATION = HEP-EX/9503003;%%"
}

@article{SGTOP-D0,
      author         = "Abazov, V. M. and others",
      title          = "{Observation of Single Top Quark Production}",
      collaboration  = "D0",
      journal        = "Phys. Rev. Lett.",
      volume         = "103",
      year           = "2009",
      pages          = "092001",
      doi            = "10.1103/PhysRevLett.103.092001",
      eprint         = "0903.0850",
      archivePrefix  = "arXiv",
      primaryClass   = "hep-ex",
      reportNumber   = "FERMILAB-PUB-09-056-E",
      SLACcitation   = "%%CITATION = ARXIV:0903.0850;%%"
}

@article{SGTOP-CDF,
      author         = "Aaltonen, T. and others",
      title          = "{First Observation of Electroweak Single Top Quark
                        Production}",
      collaboration  = "CDF",
      journal        = "Phys. Rev. Lett.",
      volume         = "103",
      year           = "2009",
      pages          = "092002",
      doi            = "10.1103/PhysRevLett.103.092002",
      eprint         = "0903.0885",
      archivePrefix  = "arXiv",
      primaryClass   = "hep-ex",
      reportNumber   = "FERMILAB-PUB-09-059-E",
      SLACcitation   = "%%CITATION = ARXIV:0903.0885;%%"
}

@article{Aad:2015yem,
      title          = "{Search for anomalous couplings in the $Wtb$ vertex from
                        the measurement of double differential angular decay rates
                        of single top quarks produced in the $t$-channel with the
                        ATLAS detector}",
      collaboration  = "ATLAS",
      journal        = "JHEP",
      volume         = "04",
      year           = "2016",
      pages          = "023",
      doi            = "10.1007/JHEP04(2016)023",
      eprint         = "1510.03764",
      archivePrefix  = "arXiv",
      primaryClass   = "hep-ex",
      reportNumber   = "CERN-PH-EP-2015-236",
      SLACcitation   = "%%CITATION = ARXIV:1510.03764;%%"
}

@article{Aad:2014fwa,
      title          = "{Comprehensive measurements of $t$-channel single
                        top-quark production cross sections at $\sqrt{s} = 7$ TeV
                        with the ATLAS detector}",
      collaboration  = "ATLAS",
      journal        = "Phys. Rev.",
      volume         = "D90",
      year           = "2014",
      number         = "11",
      pages          = "112006",
      doi            = "10.1103/PhysRevD.90.112006",
      eprint         = "1406.7844",
      archivePrefix  = "arXiv",
      primaryClass   = "hep-ex",
      reportNumber   = "CERN-PH-EP-2014-133",
      SLACcitation   = "%%CITATION = ARXIV:1406.7844;%%"
}

@article{Aad:2012ux,
      title          = "{Measurement of the $t$-channel single top-quark
                        production cross section in $pp$ collisions at
                        $\sqrt{s}=7$ TeV with the ATLAS detector}",
      collaboration  = "ATLAS",
      journal        = "Phys. Lett.",
      volume         = "B717",
      year           = "2012",
      pages          = "330-350",
      doi            = "10.1016/j.physletb.2012.09.031",
      eprint         = "1205.3130",
      archivePrefix  = "arXiv",
      primaryClass   = "hep-ex",
      reportNumber   = "CERN-PH-EP-2012-082",
      SLACcitation   = "%%CITATION = ARXIV:1205.3130;%%"
}

@article{Chatrchyan:2011vp,
      title          = "{Measurement of the $t$-channel single top quark
                        production cross section in $pp$ collisions at
                        $\sqrt{s}=7$ TeV}",
      collaboration  = "CMS",
      journal        = "Phys. Rev. Lett.",
      volume         = "107",
      year           = "2011",
      pages          = "091802",
      doi            = "10.1103/PhysRevLett.107.091802",
      eprint         = "1106.3052",
      archivePrefix  = "arXiv",
      primaryClass   = "hep-ex",
      reportNumber   = "CERN-PH-EP-2011-066, CMS-TOP-10-008",
      SLACcitation   = "%%CITATION = ARXIV:1106.3052;%%"
}

@article{Schilling:2012dx,
      author         = "Schilling, Frank-Peter",
      title          = "{Top Quark Physics at the LHC: A Review of the First Two
                        Years}",
      journal        = "Int.J.Mod.Phys.",
      volume         = "A27",
      pages          = "1230016",
      doi            = "10.1142/S0217751X12300165",
      year           = "2012",
      eprint         = "1206.4484",
      archivePrefix  = "arXiv",
      primaryClass   = "hep-ex",
      SLACcitation   = "%%CITATION = ARXIV:1206.4484;%%",
}

@article{TCHAN-ATLAS,
      author        = {{ATLAS Collaboration}},
      title         = "{Observation of t Channel Single Top-Quark Production in
                       pp Collisions at $sqrt{s} = 7$~TeV with the ATLAS
                       detector}",
      institution   = "CERN",
      address       = "Geneva",
      journal       = "ATLAS-CONF-2011-088",
      year          = "2011",
      url           = "https://cds.cern.ch/record/1356197",
}

%%%%%%%%%%%%%%%%%%%%%%%%%%%%%%%%%%%%%

@article{Aad:2015eto,
      title          = "{Measurement of the production cross-section of a single
                        top quark in association with a $W$ boson at 8 TeV with
                        the ATLAS experiment}",
      collaboration  = "ATLAS",
      journal        = "JHEP",
      volume         = "01",
      year           = "2016",
      pages          = "064",
      doi            = "10.1007/JHEP01(2016)064",
      eprint         = "1510.03752",
      archivePrefix  = "arXiv",
      primaryClass   = "hep-ex",
      reportNumber   = "CERN-PH-2015-230, CERN-PH-EP-2015-230",
      SLACcitation   = "%%CITATION = ARXIV:1510.03752;%%"
}

@article{Chatrchyan:2014tua,
      title          = "{Observation of the associated production of a single top
                        quark and a $W$ boson in $pp$ collisions at $\sqrt s = $8
                        TeV}",
      collaboration  = "CMS",
      journal        = "Phys. Rev. Lett.",
      volume         = "112",
      year           = "2014",
      number         = "23",
      pages          = "231802",
      doi            = "10.1103/PhysRevLett.112.231802",
      eprint         = "1401.2942",
      archivePrefix  = "arXiv",
      primaryClass   = "hep-ex",
      reportNumber   = "CMS-TOP-12-040, CERN-PH-EP-2013-237",
      SLACcitation   = "%%CITATION = ARXIV:1401.2942;%%"
}

@misc{SGTOP-DIAG,
      author        = "Ann Heinson",
      title         = "Feynmann Diagrams for Top Physics Talks and Notes",
      year          = "2011",
      institution   = "Fermilab",
      howpublished= {\url{http://www-d0.fnal.gov/Run2Physics/top/top_public_web_pages/top_feynman_diagrams.html}}
}

@techreport{SGTOP-XS,
        type          = {\unskip\space},
    author         = "Kidonakis, Nikolaos",
      title          = "{Top quark pair and single top production at Tevatron and
                        LHC energies}",
      booktitle      = "{Proceedings, 35th International Conference on High
                        energy physics (ICHEP 2010): Paris, France, July 22-28,
                        2010}",
      journal        = "PoS",
      volume         = "ICHEP2010",
      year           = "2010",
      pages          = "059",
      eprint         = "1008.2460",
      archivePrefix  = "arXiv",
      primaryClass   = "hep-ph",
      SLACcitation   = "%%CITATION = ARXIV:1008.2460;%%"
}

@article{Kant:2014oha,
      author         = "Kant, P. and Kind, O. M. and Kintscher, T. and Lohse, T.
                        and Martini, T. and Mölbitz, S. and Rieck, P. and Uwer,
                        P.",
      title          = "{HatHor  for single top-quark production: Updated
                        predictions and uncertainty estimates for single top-quark
                        production in hadronic collisions}",
      journal        = "Comput. Phys. Commun.",
      volume         = "191",
      year           = "2015",
      pages          = "74-89",
      doi            = "10.1016/j.cpc.2015.02.001",
      eprint         = "1406.4403",
      archivePrefix  = "arXiv",
      primaryClass   = "hep-ph",
      reportNumber   = "HU-EP-14-22",
      SLACcitation   = "%%CITATION = ARXIV:1406.4403;%%"
}

@article{ATLAS-CONF-2016-003,
      author       = {{ATLAS Collaboration}},
      title         = "{Measurement of the $t\bar{t}Z$ and $t\bar{t}W$ production cross sections in multilepton final states using 3.2 fb$^{-1}$ of $pp$ collisions at 13 TeV at the LHC}",
      institution   = "CERN",
      address      = "Geneva",
      journal       = "ATLAS-CONF-2016-003",
      url           = "https://cds.cern.ch/record/2138947",
}

@article{Campbell:2013yla,
      author         = "Campbell, John and Ellis, R. Keith and Rontsch, Raoul",
      title          = "{Single top production in association with a Z boson at
                        the LHC}",
      journal        = "Phys.Rev.",
      volume         = "D87",
      pages          = "114006",
      doi            = "10.1103/PhysRevD.87.114006",
      year           = "2013",
      eprint         = "1302.3856",
      archivePrefix  = "arXiv",
      primaryClass   = "hep-ph",
      SLACcitation   = "%%CITATION = ARXIV:1302.3856;%%",
}

@article{JAXO,
      title = "JaxoDraw: A graphical user interface for drawing Feynman diagrams",
      journal = "Computer Physics Communications",
      volume = "161",
      number = "1-2",
      pages = "76 - 86",
      year = "2004",
      note = "",
      issn = "0010-4655",
      doi = "10.1016/j.cpc.2004.05.001",
      url = "http://www.sciencedirect.com/science/article/pii/S0010465504002115",
      author = "D. Binosi and L. Theußl",
      keywords = "Feynman diagrams",
      keywords = "LaTeX",
      keywords = "Java",
      keywords = "GUI"
}

@article{Dror:2015nkp,
      author         = "Dror, Jeff Asaf and Farina, Marco and Salvioni, Ennio and
                        Serra, Javi",
      title          = "{Strong tW Scattering at the LHC}",
      journal        = "JHEP",
      volume         = "01",
      year           = "2016",
      pages          = "071",
      doi            = "10.1007/JHEP01(2016)071",
      eprint         = "1511.03674",
      archivePrefix  = "arXiv",
      primaryClass   = "hep-ph",
      SLACcitation   = "%%CITATION = ARXIV:1511.03674;%%"
}

@article{Arnison:1983rp,
      author         = "Arnison, G. and others",
      title          = "{Experimental Observation of Isolated Large Transverse Energy Electrons with Associated Missing Energy at s**(1/2) = 540-GeV}",
      collaboration  = "UA1",
      journal        = "Phys. Lett.",
      volume         = "B122",
      year           = "1983",
      pages          = "103-116",
      doi            = "10.1016/0370-2693(83)91177-2",
      note           = "[,611(1983)]",
      reportNumber   = "CERN-EP-83-13",
      SLACcitation   = "%%CITATION = PHLTA,B122,103;%%"
}

@article{Arnison:1983mk,
      author         = "Arnison, G. and others",
      title          = "{Experimental Observation of Lepton Pairs of Invariant
                        Mass Around 95-GeV/c**2 at the CERN SPS Collider}",
      booktitle      = "{In *Ithaca 1983, Proceedings, Lepton and Photon
                        Interactions At High Energies*, 27-52, IN *BOLOGNA 1984,
                        PROCEEDINGS, FIFTY YEARS OF WEAK-INTERACTION PHYSICS*
                        779-791. PHYS. LETT. B126 (1983) 398-410) AND CERN GENEVA
                        - CERN-EP 83-073 (83,REC.JUN.) 32 P. (SEE CONFERENCE
                        INDEX), In *Cline, D.B. (ed.): Weak neutral currents*
                        7.55-7.67}",
      collaboration  = "UA1",
      journal        = "Phys. Lett.",
      volume         = "B126",
      year           = "1983",
      pages          = "398-410",
      doi            = "10.1016/0370-2693(83)90188-0",
      reportNumber   = "CERN-EP-83-73",
      SLACcitation   = "%%CITATION = PHLTA,B126,398;%%"
}

%%%%%%%%%%%%%%%%%%%%%%%%%%%%%%%%%%%%%

@unpublished{neutrinofamilies,
       author        = {{The LEP Collaborations  and the LEP Electroweak  Work-
ing  Group}},

      title         = " A Combination of Preliminary Electroweak Measurements and Constraints on the Standard Model",
      year          = "1998",
      institution   = "CERN",

}

@techreport{www,
          type          = {\unskip\space},
  author        = "Berners-Lee, Timothy J",
      title         = "{Information management: a proposal}",
      institution   = "CERN",
      address       = "Geneva",
      number        = "CERN-DD-89-001-OC",
      year          = "1989",
      reportNumber  = "CERN-DD-89-001-OC",
      url           = "https://cds.cern.ch/record/369245",
}

@article{Variola:818451,
      author        = "Variola, A and Amoretti, M and Bonomi, G and Boutcha, A and Bowe, P and Carraro, C and Cesar, C L and Charlton, M and Doser, Michael and Filippini, V and Fontana, A and Fujiwara, M C and Funakoshi, R and Genova, P and Hangst, J S and Hayano, R S and Jørgensen, L V and Lagomarsino, V and Landua, Rolf and Lindelöf, D and Lodi-Rizzini, E and Macri, M and Madsen, N and Manuzio, G and Montagna, P and Pruys, H S and Regenfus, C and Rotondi, A and Riedler, P and Testera, G and Van der Werf, D P",
      title         = "{Production and detection of cold anti-hydrogen atoms: A first step towards high precision CPT test}",
      journal       = "AIP Conf. Proc.",
      volume        = "698",
      pages         = "205-208",
      year          = "2003",
      url           = "https://cds.cern.ch/record/818451",
}

@article{HiggsATLAS,
      title = "Observation of a new particle in the search for the Standard Model Higgs boson with the ATLAS detector at the LHC",
      journal = "Physics Letters B",
      volume = "716",
      number = "1",
      pages = "1 - 29",
      year = "2012",
      note = "",
      issn = "0370-2693",
      doi = "10.1016/j.physletb.2012.08.020",
      url = "http://www.sciencedirect.com/science/article/pii/S037026931200857X",
      author = {{ATLAS Collaboration}}
}
@article{HiggsCMS,
      title = "Observation of a new boson at a mass of 125 GeV with the CMS experiment at the LHC",
      journal = "Physics Letters B",
      volume = "716",
      number = "1",
      pages = "30 - 61",
      year = "2012",
      note = "",
      issn = "0370-2693",
      doi = "10.1016/j.physletb.2012.08.021",
      url = "http://www.sciencedirect.com/science/article/pii/S0370269312008581",
      author = {{CMS Collaboration}},
      keywords = "CMS",
      keywords = "Physics",
      keywords = "Higgs"
}

@book{Myers:226776,
      author        = "Myers, Stephen",
      title         = "{The LEP Collider, from design to approval and
                       commissioning}",
      publisher     = "CERN",
      series        = "John Adams' Lecture",
      year          = "1991",
      url           = "http://cds.cern.ch/record/226776",
      note          = "Delivered at CERN, 26 Nov 1990",
}

@misc{O'Luanaigh:1998498,
      author        = "Cian O'Luanaigh",
      title         = "{The Large Hadron Collider}",
      year          = "2014",
      institution   = "CERN",
      howpublished= {\url{http://cds.cern.ch/record/1998498} }
}

@article{Linac2,
      author        = "Boltezar, E and Haseroth, H and Pirkl, Werner and Plass,
                       Günther and Sherwood, T R and Tallgren, U and Têtu, P and
                       Warner, D and Weiss, M",
      title         = "{Performance of the new CERN 50 MeV linac}",
      journal       = "IEEE Trans. Nucl. Sci.",
      number        = "CERN-PS-LR-79-15",
      volume        = "26",
      pages         = "3674-3676",
      year          = "1979",
      url           = "https://cds.cern.ch/record/134670",
}

@inproceedings{PSB,
      author         = "Mikulec, Bettina and Blas, Alfred and Carli, Christian
                        and Findlay, Alan and Hanke, Klaus and Rumolo, Giovanni
                        and Tan, Jocelyn",
      title          = "{LHC Beams from the CERN PS Booster}",
      booktitle      = "{Particle accelerator. Proceedings, 23rd Conference,
                        PAC'09, Vancouver, Canada, May 4-8, 2009}",
      year           = "2010",
      url            = "http://accelconf.web.cern.ch/AccelConf/PAC2009/papers/tu6pfp086.pdf",
      pages          = "TU6PFP086",
      SLACcitation   = "%%CITATION = INSPIRE-1378573;%%"
}

@book{PS,
      author        = "Barnes, Michael and Benedikt, Michael and Blackmore, Ewart
                       W and Blas, Alfred and Borburgh, Jan and Cappi, R and
                       Chanel, Michel and Chohan, Vinod and Cifarelli, Franco and
                       Clark, G and Daems, Gilbert and Evans, Lyndon R and Fowler,
                       Anthony B and Garoby, Roland and González, J and Grier,
                       Dennis G and Gruber, Jacques and Hancock, Stephen and Hill,
                       Charles E and Jansson, Andreas and Jensen, Erk and
                       Koscielniak, Shane Rupert and Krusche, Achim and Losito,
                       Roberto and Maesen, Pierre and Mammarella, F and
                       Metzmacher, Klaus D and Mitra, A and Olsfors, Jan and
                       Paoluzzi, Mauro and Pedersen, J and Poirier, R and Raich,
                       Ulrich and Reiniger, K W and Ries, T C and Riunaud, J P and
                       Royer, Jean Pierre and Sassowsky, Manfred and Schindl,
                       Karlheinz and Schönauer, Horst Otto and Sermeus, Luc and
                       Thivent, Michel and Ullrich, H M and Van Cauter, W and
                       Vretenar, Maurizio and Völker, F V",
      title         = "{The PS complex as proton pre-injector for the LHC: design
                       and implementation report}",
      publisher     = "CERN",
      address       = "Geneva",
      year          = "2000",
      url           = "https://cds.cern.ch/record/449242",
}

@inproceedings{SPS,
      author         = "Collier, P. and Goddard, B.",
      title          = "{Preparation of the SPS as LHC injector}",
      booktitle      = "{Particle accelerator. Proceedings, 6th European
                        conference, EPAC'98, Stockholm, Sweden, June 22-26, 1998.
                        Vol. 1-3}",
      url            = "http://accelconf.web.cern.ch/AccelConf/e98/PAPERS/MOP03C.PDF",
      year           = "1998",
      pages          = "335-337",
      reportNumber   = "CERN-SL-98-049-OP, CERN-SL-98-49-OP",
      SLACcitation   = "%%CITATION = CERN-SL-98-049-OP;%%"
}

%%%%%%%%%%%%%%%%%%%%%%%%%%%%%%%%%%%%%

@article{nobelWZ,
      author        = "Nobel Media AB",
      title         = "{Press Release: The 1984 Nobel Prize in Physics}",
      year          = "2014",
      url           = "http://www.nobelprize.org/nobel_prizes/physics/laureates/1984/press.html",
}

@misc{LHCchain,
      author        = "Benedikt, Michael and Cappi, R and Chanel, M and Garoby, R
                       and Giovannozzi, Massimo and Hancock, S and Martini, M and
                       Métral, Elias and Métral, G and Schindl, Karlheinz and
                       Vallet, J L",
      title         = "{Performance of the LHC Pre-Injectors}",
      number        = "CERN-PS-2001-011-DR",
      pages         = "6 p",
      year          = "2001",
      reportNumber  = "CERN-PS-2001-011-DR",
      howpublished  = {\url{https://cds.cern.ch/record/494746}}
}

@misc{LHC-Tunnel,
      author        = "Maximilien Brice",
      title         = "{First LHC magnets installed. Installation du premier
                       aimant du LHC}",
      year          = "2005",
      reportNumber  = "CERN-AC-0504028",
          howpublished  = {\url{https://cds.cern.ch/record/834351}}
}

@article{PhysRevLett.10.407,
  author = {Bernardini, C. and Corazza, G. F. and Di Giugno, G. and Ghigo, G. and Haissinski, J. and Marin, P. and Querzoli, R. and Touschek, B.},
  title = {Lifetime and Beam Size in a Storage Ring},
  journal        = "Phys. Rev. Lett.",
  volume = {10},
  issue = {9},
  pages = {407--409},
  numpages = {0},
  year = {1963},
  publisher = {American Physical Society},
  doi = {10.1103/PhysRevLett.10.407},
  url = {http://link.aps.org/doi/10.1103/PhysRevLett.10.407}
}

@book{LHC-TDR,
      author        = "Brüning, Oliver Sim and Collier, Paul and Lebrun, P and
                       Myers, Stephen and Ostojic, Ranko and Poole, John and
                       Proudlock, Paul",
      title         = "{LHC Design Report}",
      publisher     = "CERN",
      address       = "Geneva",
      year          = "2004",
      url           = "https://cds.cern.ch/record/782076",
}

@article{TevatronLumi,
      author         = "Vaia Papadimitriou",
      title          = "Luminosity determination at the Tevatron",
      journal        = "LHC Lumi Days",
      pages          = "90-95",
      year           = "2011",
      eprint         = "http://arxiv.org/abs/1106.5182v1",
      archivePrefix  = "1106.5182",
}

@misc{LUMIPLOTS,
      author={{ATLAS Collaboration}},
      howpublished= {\url{https://twiki.cern.ch/twiki/bin/view/AtlasPublic/LuminosityPublicResults#Multiple_Year_Collision_Plots}},
      title = "ATLAS Luminosity Public Results"
}

@Article{ATLAS-LUMI,
      author       = {{ATLAS Collaboration}},
      title        = "Updated Luminosity Determination in $pp$ Collisions at
                      $\sqrt{s}=7$~TeV using the ATLAS Detector",
      institution  = "CERN",
      address      = "Geneva",
      journal      = "ATLAS-CONF-2011-011",
      url           = "https://cds.cern.ch/record/1334563",
}

@article{CMS,
  title={The Compact Muon Solenoid Technical Proposal},
  author={Bayatian, G. and CMS collaboration and others},
  journal={CERN/LHCC},
  volume={94},
  pages={38},
  year={1994}
}

@techreport{MoEDAL,
          type          = {\unskip\space},
  author        = {{MoEDAL Collaboration}},
      title         = "{Technical Design Report of the MoEDAL Experiment}",
      number        = "CERN-LHCC-2009-006. MoEDAL-TDR-001",
      year          = "2009",
      reportNumber  = "CERN-LHCC-2009-006",
      url           = "https://cds.cern.ch/record/1181486",
}
%      author        = "Pinfold, James and Soluk, R and Yao, Y and Cecchini, S and                       Giacomelli, G and Giorgini, M and Patrizii, L and Sirri, G                       and Lacarrère, D H and Kinoshita, K and Jakubek, J and                       Platkevic, M and Pospísil, S and Vykydal, Z and Hott, T                       and Houdayer, A and Leroy, Claude and Swain, J and Felea, D                       and Hasegan, D and Pavalas, G E and Popa, V",

@book{Berardi:2004ku,
      author        = {{TOTEM Collaboration}},
      title         = "{Total cross-section, elastic scattering and diffraction
                       dissociation at the Large Hadron Collider at CERN: TOTEM
                       Technical Design Report}",
      publisher     = "CERN",
      address       = "Geneva",
      series        = "Technical Design Report TOTEM",
      year          = "2004",
      url           = "https://cds.cern.ch/record/704349",
}
%      author        = "Berardi, V and Catanesi, M G and Radicioni, E and Herzog,                       R and Rudischer, R and Wobst, E and Deile, M and Eggert, K                       and Haug, F and Jarron, P and Macina, D and Niewiadomski, H                       and Noschis, E and Oriunno, M and Perrot, Anne Laure and                       Ruggiero, G and Snoeys, W and Verdier, A and Boccone, V and                       Bozzo, M and Buzzo, A and Capurro, F and Cuneo, S and                       Ferro, F and Macri, M and Minutoli, S and Morelli, A and                       Musico, P and Negri, M and Santroni, A and Sette, G and                       Sobol, A and Avati, V and Goussev, E and Järvinen, M and                       Kalliopuska, J and Kurvinen, K and Lauhakangas, R and                       Oljemark, F and Orava, R and Österberg, K and Palmieri, V                       G and Saarikko, H and Toppinen, A and Kundrát, V and                       Lokajícek, M and Da Vià, C and Hasi, J and Kok, A and                       Watts, S",

@book{Adriani:2006jd,
      author        = {{LHCf Collaboration}},
      title         = "{LHCf experiment: Technical Design Report}",
      publisher     = "CERN",
      address       = "Geneva",
      series        = "Technical Design Report LHCf",
      year          = "2006",
      url           = "https://cds.cern.ch/record/926196",
}
%      author        = "Adriani, O and Bonechi, L and Bongi, M and D'ALessandro, R                       and Faus, D A and Haguenauer, M and Itow, Y and Kasahara, K                       and Masuda, K and Matsubara, Y and Menjo, H and Muraki, Y                       and Papini, P and Sako, T and Tamura, T and Torii, S and                       Tricomi, A and Turner, W C and Velasco, J and Yoshida, K",
%%%%%%%%%%%%%%%%%%%%%%%%%%%%%%%%%%%%%

@article{ALICE,
  title={The ALICE experiment at the CERN LHC},
  author={{ALICE Collaboration}},
  journal={Journal of Instrumentation},
  volume={3},
  number={08},
  pages={S08002},
  year={2008},
  publisher={IOP Publishing}
}

@article{LHCb,
  title={The LHCb detector at the LHC},
  author={{LHCb Collaboration}},
  journal={Journal of Instrumentation},
  volume={3},
  number={08},
  pages={S08005},
  year={2008},
  publisher={IOP Publishing}
}

@Article{ATLAS-EXP,
 author       = {{ATLAS Collaboration}},
 title        = "The ATLAS Experiment at the CERN Large Hadron Collider",
 journal      = "JINST",
 volume       = "3",
 year         = "2008",
 pages        = "S08003",
 eprint       = ""
}

@misc{ATLAS-OPEN,
      author        = "Maximilien Brice",
      title         = "{Installing the ATLAS calorimeter. Vue centrale du
                       détecteur ATLAS avec ses huit toroides entourant le
                       calorimètre avant son déplacement au centre du
                       détecteur}",
      year          = "2005",
      reportNumber  = "CERN-EX-0511013",
          howpublished= {\url{https://cds.cern.ch/record/910381}},
}

@misc{Figure-Atlas,
      author        = "Joao Pequenao",
      title         = "{Computer generated image of the whole ATLAS detector}",
      year          = "2008",
      reportNumber  = "CERN-GE-0803012",
      howpublished= {\url{https://cds.cern.ch/record/1095924}},
}

@misc{Pequenao:1505342,
      author        = "Joao Pequenao and Paul Schaffner",
      title         = "{An computer generated image representing how ATLAS
                       detects particles}",
      year          = "2013",
      reportNumber  = "CERN-EX-1301009",
          howpublished= {\url{https://cds.cern.ch/record/1505342}},
}

@techreport{ASalzburger,
      type          = {\unskip\space},
      author        = "Salzburger, A",
      title         = "{The ATLAS Track Extrapolation Package}",
      institution   = "CERN",
      address       = "Geneva",
      number        = "ATL-SOFT-PUB-2007-005. ATL-COM-SOFT-2007-010",
      year          = "2007",
      reportNumber  = "ATL-SOFT-PUB-2007-005",
      url           = "https://cds.cern.ch/record/1038100",
}

@book{MAGNET,
      title         = "{ATLAS magnet system: Technical Design Report, 1}",
      publisher     = "CERN",
      collaboration = "ATLAS Collaboration",
      address       = "Geneva",
      series        = "Technical Design Report ATLAS",
      year          = "1997",
      url           = "https://cds.cern.ch/record/338080",
}

@techreport{Capeans:1291633,
      author        = "Capeans, M and Darbo, G and Einsweiller, K and Elsing, M
                       and Flick, T and Garcia-Sciveres, M and Gemme, C and
                       Pernegger, H and Rohne, O and Vuillermet, R",
      title         = "{ATLAS Insertable B-Layer Technical Design Report}",
      number        = "CERN-LHCC-2010-013. ATLAS-TDR-19",
      year          = "2010",
      reportNumber  = "CERN-LHCC-2010-013",
      url           = "https://cds.cern.ch/record/1291633",
}
	
@article{IOPATLASBLAYERPROJ,
  author={A Miucci},
  title={The ATLAS Insertable B-Layer project},
  journal={Journal of Instrumentation},
  volume={9},
  number={02},
  pages={C02018},
  url={http://stacks.iop.org/1748-0221/9/i=02/a=C02018},
  year={2014},
}
	
@book{INNERDET,
      title         = "{ATLAS inner detector: Technical Design Report, 1}",
      publisher     = "CERN",
      collaboration = "ATLAS Collaboration",
      address       = "Geneva",
      series        = "Technical Design Report ATLAS",
      year          = "1997",
      url           = "https://cds.cern.ch/record/331063",
}

@article{Figure-InnerDetector,
      author        = "Joao Pequenao",
      title         = "{Computer generated image of the ATLAS inner detector}",
      year          = "2008",
      journal       = "CERN-GE-0803014",
      url           = "https://cds.cern.ch/record/1095926",
}

@article{PIXEL-DET,
  title={ATLAS pixel detector electronics and sensors},
  author={{ATLAS Collaboration}},
  journal={Journal of Instrumentation},
  volume={3},
  number={07},
  pages={P07007},
  year={2008},
  publisher={IOP Publishing}
}

@techreport{SCT_Barrel,
          type          = {\unskip\space},
  author        = "Abdesselam, A and Akimoto, T",
      title         = "{The Barrel Modules of the ATLAS SemiConductor Tracker}",
      institution   = "CERN",
      address       = "Geneva",
      number        = "ATL-INDET-PUB-2006-005. ATL-COM-INDET-2006-009.
                       CERN-ATL-COM-INDET-2006-009",
      year          = "2006",
      reportNumber  = "ATL-INDET-PUB-2006-005",
      url           = "https://cds.cern.ch/record/974073",
}

@article{SCT_Endcap,
      author        = "Abdesselam, A and Anghinolfi, F",
      title         = "{The ATLAS semiconductor tracker end-cap module}",
      journal       = "Nucl. Instrum. Methods Phys. Res., A",
      number        = "3",
      volume        = "575",
      pages         = "353-389",
      year          = "2007",
}
 	
%%%%%%%%%%%%%%%%%%%%%%%%%%%%%%%%%%%%%

@book{jackson91,
    author    = "Jackson, John David",
    title     = "Classical Electrodynamics",
    publisher = "John Wiley \& Sons, Inc.",
    address  = "New Jersey, USA",
    edition  = "3",
    year      = "1991"
}

@article{TRT,
  author={Ahmet Bingül},
  title={The ATLAS TRT and its Performance at LHC},
  journal={Journal of Physics: Conference Series},
  volume={347},
  number={1},
  pages={012025},
  year={2012}
}
	
@article{TRT_Barrel,
  title={The ATLAS TRT barrel detector},
  author={{ATLAS Collaboration}},
  journal={Journal of Instrumentation},
  volume={3},
  number={02},
  pages={P02014},
  year={2008},
  publisher={IOP Publishing}
}

@article{TRT_Endcap,
  title={The ATLAS TRT end-cap detectors},
  author={{ATLAS Collaboration}},
  journal={Journal of Instrumentation},
  volume={3},
  number={10},
  pages={P10003},
  year={2008},
  publisher={IOP Publishing}
}

@article{ATL-PHYS-PUB-2015-051,
      title         = "{Early Inner Detector Tracking Performance in the 2015
                       data at $\sqrt s$ = 13 TeV}",
      institution   = "CERN",
      number        = "ATL-PHYS-PUB-2015-051",
      year          = "2015",
      Journal  = "ATL-PHYS-PUB-2015-051",
      url           = "http://cds.cern.ch/record/2110140",
}

@unpublished{Figure-Calo,
      author        = "Joao Pequenao",
      title         = "{Computer Generated image of the ATLAS calorimeter}",
      year          = "2008",
      reportNumber  = "CERN-GE-0803015",
      url           = "https://cds.cern.ch/record/1095927",
}

@book{Wigmans,
  author = {R. Wigmans},
  address = {},
  publisher = {Oxford University Press},
  title = {Calorimetry - Energy Measurement in Particle Physics},
  year = 2000,
}

@book{TILE,
      title         = "{ATLAS tile calorimeter: Technical Design Report}",
      publisher     = "CERN",
      collaboration = "ATLAS Collaboration",
      address       = "Geneva",
      series        = "Technical Design Report ATLAS",
      year          = "1996",
      url           = "https://cds.cern.ch/record/331062",
}

@inproceedings{Proudfoot:2006tr,
      author         = "Proudfoot, J.",
      title          = "{Hadron Calorimetry at the LHC}",
      booktitle      = "{Proceedings, 34th SLAC Summer Institute on Particle
                        Physics: The Next Frontier: Exploring with the LHC (SSI
                        2006): Menlo Park, California, July 17-28, 2006}",
      url            = "http://www.slac.stanford.edu/econf/C060717/proceedings.htm",
      year           = "2006",
      reportNumber   = "SSI-2006-L012",
      SLACcitation   = "%%CITATION = SSI-2006-L012;%%"
}

@article{EMCAL_Barrel,
      author = {{B. Aubert et. al.}},
      title = "Construction, assembly and tests of the ATLAS electromagnetic barrel calorimeter ",
      journal = "Nuclear Instruments and Methods in Physics Research Section A: Accelerators, Spectrometers, Detectors and Associated Equipment ",
      volume = "558",
      number = "2",
      pages = "388 - 418",
      year = "2006",
}
  	
@article{EMCAL_Endcap,
  author={{ATLAS Electromagnetic Liquid Argon Endcap Calorimeter Group}},
  title={Construction, assembly and tests of the ATLAS electromagnetic end-cap calorimeters},
  journal={Journal of Instrumentation},
  volume={3},
  number={06},
  pages={P06002},
  year={2008},
}

@article{EMCAL_Presampler,
author = {{M.L Andrieux et. al.}},
title = "Construction and test of the first two sectors of the ATLAS barrel liquid argon presampler ",
journal = "Nuclear Instruments and Methods in Physics Research Section A: Accelerators, Spectrometers, Detectors and Associated Equipment ",
volume = "479",
number = "2-3",
pages = "316 - 333",
year = "2002",
}

@article{Aharrouche:2006nf,
      author         = "ATLAS Electromagnetic Barrel Calorimeter",
      title          = "{Energy linearity and resolution of the ATLAS
                        electromagnetic barrel calorimeter in an electron
                        test-beam}",
      journal        = "Nucl. Instrum. Meth.",
      volume         = "A568",
      year           = "2006",
      pages          = "601-623",
      doi            = "10.1016/j.nima.2006.07.053",
      eprint         = "physics/0608012",
      archivePrefix  = "arXiv",
      primaryClass   = "physics",
      SLACcitation   = "%%CITATION = PHYSICS/0608012;%%"
}

%%%%%%%%%%%%%%%%%%%%%%%%%%%%%%%%%%%%%

@article{ATLAS-CONF-2015-017,
      author        = {{ATLAS Collaboration}},
      title         = "{Data-driven determination of the energy scale and
                       resolution of jets reconstructed in the ATLAS calorimeters
                       using dijet and multijet events at $\sqrt{s\ }=8~TeV$}",
      institution   = "CERN",
      address       = "Geneva",
      journal       = "ATLAS-CONF-2015-017",
      url           = "https://cds.cern.ch/record/2008678",
}

@misc{Figure-Muon,
      author        = "Joao Pequenao",
      title         = "{Computer generated image of the ATLAS Muons subsystem}",
      year          = "2008",
      journal  = "CERN-GE-0803017",
      howpublished  = {\url{https://cds.cern.ch/record/1095929}},
}

@book{Green:1221848,
      author        = "Green, Dan",
      title         = "{At the leading edge: the ATLAS and CMS LHC experiments}",
      publisher     = "World Scientific",
      address       = "Singapore",
      year          = "2010",
}

@article{ATLAS-TDR,
      title          = "{Expected Performance of the ATLAS Experiment - Detector,
                        Trigger and Physics}",
      collaboration  = "ATLAS",
      year           = "2009",
      eprint         = "0901.0512",
      archivePrefix  = "arXiv",
      primaryClass   = "hep-ex",
      reportNumber   = "SLAC-R-980, CERN-OPEN-2008-020",
      SLACcitation   = "%%CITATION = ARXIV:0901.0512;%%"
}

@book{DETECTORS,
  author = {Ferbel, Thomas},
  publisher = {Addison-Wesley Publshing Company, Inc.},
  title = {Experimental Techniques in High Energy Physics},
  year = 1987,
}

@article{ATLAS-TGC-wheel,
      author        = "Claudia Marcelloni",
      title         = "{Installation of the first of the big wheels of the ATLAS
                       muon spectrometer, a thin gap chamber (TGC) wheel.
                       Installation de la première des grandes roues du ATLAS
                       spectromètre à muons, une roue TGC}",
       institution   = "CERN",
       address       = "Geneva",
     journal  = "CERN-EX-0609016",
      url           = "https://cds.cern.ch/record/986163",
}

@book{Airapetian:391176,
      author        = {{ATLAS Collaboration}},
      title         = "{ATLAS detector and physics performance: Technical Design
                       Report, 1}",
      publisher     = "CERN",
      series        = "Technical Design Report ATLAS",
      year          = "1999",
      url           = "https://cds.cern.ch/record/391176",
}

@article{TrigProposal,
      author        = "Machado Miguens, Joana",
      title         = "{The ATLAS Run-2 Trigger: Design, Menu, Performance and
                       Operational Aspects}",
      collaboration = "ATLAS Collaboration",
      year          = "2016",
      journal  = "ATL-DAQ-SLIDE-2016-448",
      url           = "https://cds.cern.ch/record/2205808",
}

@article{Bielski:2055529,
      author        = "Bielski, Rafal",
      title         = "{The ATLAS Muon Trigger Performance in Run I and Initial
                       Run II Performance}",
      institution   = "CERN",
      number        = "ATL-DAQ-PROC-2015-029",
      year          = "2015",
      reportNumber  = "ATL-DAQ-PROC-2015-029",
      url           = "https://cds.cern.ch/record/2055529",
}

@techreport{Backes:2200359,
       type          = {\unskip\space},
     author        = "Backes, Moritz and Ruiz-Martinez, Aranzazu and Jones,
                       Samuel David and Monticelli, Fernando and Hoya, Joaquin",
      title         = "{Electron/photon trigger efficiency plots for ICHEP2016}",
      institution   = "CERN",
      number        = "ATL-COM-DAQ-2016-086",
      year          = "2016",
      reportNumber  = "ATL-COM-DAQ-2016-086",
      url           = "https://cds.cern.ch/record/2200359",
}

@techreport{ATLASTDAQ,
      type          = {\unskip\space},
      author        = "Hauser, R",
      title         = "{The ATLAS Data Acquisition and High Level Trigger
                       Systems: Experience and Upgrade Plans}",
      institution   = "CERN",
      address       = "Geneva",
      number        = "ATL-DAQ-PROC-2012-073",
      year          = "2012",
      reportNumber  = "ATL-DAQ-PROC-2012-073",
      url           = "https://cds.cern.ch/record/1497132",
}

@Article{GEANT4,
     author    = "Agostinelli, S. and others",
     collaboration = "GEANT4",
     title     = "{GEANT4: A simulation toolkit}",
     journal   = "Nucl. Instrum. Meth. A",
     volume    = "506",
     year      = "2003",
     pages     = "250-303",
}

%%%%%%%%%%%%%%%%%%%%%%%%%%%%%%%%%%%%%

@article{MADGRAPH,
      author         = "Alwall, Johan and Herquet, Michel and Maltoni, Fabio and
                        Mattelaer, Olivier and Stelzer, Tim",
      title          = "{MadGraph 5 : Going Beyond}",
      journal        = "JHEP",
      volume         = "1106",
      pages          = "128",
      doi            = "10.1007/JHEP06(2011)128",
      year           = "2011",
      eprint         = "1106.0522",
      archivePrefix  = "arXiv",
      primaryClass   = "hep-ph",
      reportNumber   = "FERMILAB-PUB-11-448-T",
      SLACcitation   = "%%CITATION = ARXIV:1106.0522;%%",
}

@article{PYTHIA,
	Author = {Sjostrand, T. and Mrenna, S. and Skands, P.},
	Journal = {JHEP},
	Pages = {026},
	Title = {{PYTHIA} Generator version 6.418},
	Volume = {05},
	Year = {2006}
}

@article{Nadolsky:2008zw,
      author         = "Nadolsky, Pavel M. and Lai, Hung-Liang and Cao, Qing-Hong
                        and Huston, Joey and Pumplin, Jon and Stump, Daniel and
                        Tung, Wu-Ki and Yuan, C. -P.",
      title          = "{Implications of CTEQ global analysis for collider
                        observables}",
      journal        = "Phys. Rev.",
      volume         = "D78",
      year           = "2008",
      pages          = "013004",
      doi            = "10.1103/PhysRevD.78.013004",
      eprint         = "0802.0007",
      archivePrefix  = "arXiv",
      primaryClass   = "hep-ph",
      reportNumber   = "MSUHEP-080125, UCRHEP-T447",
      SLACcitation   = "%%CITATION = ARXIV:0802.0007;%%"
}

@article{cteq6l,
author    = "{J. Pumplin et al.}",
title     = "New generation of parton distributions with uncertainties from global QCD analysis",
journal   = "JHEP",
volume    = "07",
year      = "2002",
doi       = "10.1088/1126-6708/2002/07/012",
pages     = "012"
}

@article{springerlink:10,
   author = {Martin, A. and Stirling, W. and Thorne, R. and Watt, G.},
   title = {Uncertainties on alpha s in global PDF analyses and implications for predicted hadronic cross sections},
   journal = {Eur.Phys.J.C - Particles and Fields},
   pages = {653-680},
   volume = {64},
   doi    = "10.1140/epjc/s10052-009-1164-2",
   year = {2009}
}

@article{POWHEG,
	Author = {Nason, P.},
	Journal = {JHEP 11(2004)-040, hep-ph/0409146},
	Title = {A new method for combining NLO QCD computations with parton shower simulations},
	Year = {2004}
}

@article{Sherpa,
      author         = "Gleisberg, T. and Hoeche, Stefan. and Krauss, F. and
                        Schonherr, M. and Schumann, S. and Siegert, F. and Winter,
                        J.",
      title          = "{Event generation with SHERPA 1.1}",
      journal        = "JHEP",
      volume         = "02",
      year           = "2009",
      pages          = "007",
      doi            = "10.1088/1126-6708/2009/02/007",
      eprint         = "0811.4622",
      archivePrefix  = "arXiv",
      primaryClass   = "hep-ph",
      reportNumber   = "FERMILAB-PUB-08-477-T, SLAC-PUB-13420, ZU-TH-17-08,
                        DCPT-08-138, IPPP-08-69, EDINBURGH-2008-30, MCNET-08-14",
      SLACcitation   = "%%CITATION = ARXIV:0811.4622;%%"
}

@techreport{Electrons,
      author        = {{ATLAS Collaboration}},
      title         = "{Expected electron performance in the ATLAS experiment}",
      institution   = "CERN",
      address       = "Geneva",
      number        = "ATL-PHYS-PUB-2011-006",
      year          = "2011",
      reportNumber  = "ATL-PHYS-PUB-2011-006",
      url           = "https://cds.cern.ch/record/1345327",
}

@article{ElEffiRecomm,
      author        = {{ATLAS Collaboration}},
      title         = "{Electron efficiency measurements with the ATLAS detector
                       using the 2015 LHC proton-proton collision data}",
      institution   = "CERN",
      address       = "Geneva",
      journal       = "ATLAS-CONF-2016-024",
      url           = "https://cds.cern.ch/record/2157687",
}

@techreport{ELECTRON-RECO,
      type          = {\unskip\space},
      author        = "Ezhilov, Alexey",
      title         = "{Electrons in ATLAS: from Run1 to Run2}",
      institution   = "CERN",
      address       = "Geneva",
      number        = "ATL-PHYS-PROC-2015-180",
      year          = "2015",
      reportNumber  = "ATL-PHYS-PROC-2015-180",
      url           = "https://cds.cern.ch/record/2112121",
}

@article{Muons,
      author        = {{ATLAS Collaboration}},
      title         = "{Preliminary results on the muon reconstruction
                       efficiency, momentum resolution, and momentum scale in
                       ATLAS 2012 pp collision data}",
      institution   = "CERN",
      address       = "Geneva",
      journal        = "ATLAS-CONF-2013-088",
      url           = "https://cds.cern.ch/record/1580207",
}

@article{Aad:2016jkr,
      author         = {{ATLAS Collaboration}},
      title          = "{Muon reconstruction performance of the ATLAS detector in proton–proton collision data at $\sqrt{s}$ =13 TeV}",
      journal        = "Eur. Phys. J.",
      volume         = "C76",
      year           = "2016",
      number         = "5",
      pages          = "292",
      doi            = "10.1140/epjc/s10052-016-4120-y",
      eprint         = "1603.05598",
      archivePrefix  = "arXiv",
      primaryClass   = "hep-ex",
      reportNumber   = "CERN-EP-2016-033",
      SLACcitation   = "%%CITATION = ARXIV:1603.05598;%%"
}

@article{AntiKt,
  title={The anti-kt jet clustering algorithm},
  author={Cacciari, M. and Salam, G.P. and Soyez, G.},
  journal={Journal of High Energy Physics},
  volume={2008},
  number={04},
  pages={063},
  year={2008},
  publisher={IOP Publishing}
}

%%%%%%%%%%%%%%%%%%%%%%%%%%%%%%%%%%%%%


@article{ATLAS-CONF-2014-018,
      author       = {{ATLAS Collaboration}},
      title         = "{Tagging and suppression of pileup jets with the ATLAS
                       detector}",
      institution   = "CERN",
      address       = "Geneva",
      journal        = "ATLAS-CONF-2014-018",
      url           = "https://cds.cern.ch/record/1700870",
}

@article{Coccaro:2011np,
      author         = "Coccaro, Andrea",
      title          = "{Track Reconstruction and b-Jet Identification for the
                        ATLAS Trigger System}",
      booktitle      = "{Proceedings, 14th International Workshop on Advanced
                        Computing and Analysis Techniques in Physics Research
                        (ACAT 2011)}",
      journal        = "J. Phys. Conf. Ser.",
      volume         = "368",
      year           = "2012",
      pages          = "012034",
      doi            = "10.1088/1742-6596/368/1/012034",
      eprint         = "1112.0180",
      archivePrefix  = "arXiv",
      primaryClass   = "hep-ex",
      SLACcitation   = "%%CITATION = ARXIV:1112.0180;%%"
}

@techreport{Hetherly:2032280,
      type          = {\unskip\space},
      author        = "Hetherly, Jeffrey Wayne and ATLAS Collaboration",
      title         = "{Real-time Flavour Tagging Selection in ATLAS}",
      institution   = "CERN",
      address       = "Geneva",
      number        = "ATL-DAQ-PROC-2015-035",
      year          = "2015",
      reportNumber  = "ATL-DAQ-PROC-2015-035",
      url           = "https://cds.cern.ch/record/2057644",
}

@techreport{ATL-PHYS-PUB-2015-022,
      type          = {\unskip\space},
      author        = "Calvet, Thomas Philippe",
      title         = "{Expected b-tagging performance for ATLAS in LHC Run 2}",
      institution   = "CERN",
      address       = "Geneva",
      number        = "ATL-PHYS-PROC-2015-104",
      year          = "2015",
      reportNumber  = "ATL-PHYS-PROC-2015-104",
      url           = "https://cds.cern.ch/record/2058102",
}

@Article{MET,
      author        = {{ATLAS Collaboration}},
      title          = "{Performance of Missing Transverse Momentum Reconstruction in Proton-Proton Collisions at 7 TeV with ATLAS}",
      journal        = "Eur.Phys.J.",
      volume         = "C72",
      pages          = "1844",
      doi            = "10.1140/epjc/s10052-011-1844-6",
      year           = "2012",
      reportNumber   = "CERN-PH-EP-2011-114",
}

@techreport{TOPMET,
      type          = {\unskip\space},
      author        = {{ATLAS Collaboration}},
      title         = "{Expected performance of missing transverse momentum
                       reconstruction for the ATLAS detector at $\sqrt{s}=
                       13~\text{TeV}$}",
      institution   = "CERN",
      address       = "Geneva",
      number        = "ATL-PHYS-PUB-2015-023",
      year          = "2015",
      reportNumber  = "ATL-PHYS-PUB-2015-023",
      url           = "https://cds.cern.ch/record/2037700",
}

@article{Schwienhorst:2010je,
      author         = "Schwienhorst, Reinhard and Yuan, C. -P. and Mueller,
                        Charles and Cao, Qing-Hong",
      title          = "{Single top quark production and decay in the $t$-channel
                        at next-to-leading order at the LHC}",
      journal        = "Phys. Rev.",
      volume         = "D83",
      year           = "2011",
      pages          = "034019",
      doi            = "10.1103/PhysRevD.83.034019",
      eprint         = "1012.5132",
      archivePrefix  = "arXiv",
      primaryClass   = "hep-ph",
      SLACcitation   = "%%CITATION = ARXIV:1012.5132;%%"
}

@article{ROOSTAT,
    author    = {{Moneta, Lorenzo and Belasco, Kevin and Cranmer, Kyle and
                       Lazzaro, Alfio and Piparo, Danilo and Schott, Gregory and
                       Verkerke, Wouter and Wolf, Matthias and Belasco, Kevin and
                       Cranmer, Kyle and Lazzaro, Alfio and Piparo, Danilo and
                       Schott, Gregory and Verkerke, Wouter and Wolf, Matthias}},
    title     = {The RooStats Project},
    journal   = "PoS",
    number    = "arXiv:1009.1003",
    volume    = "ACAT2010",
    pages     = "057",
    year      = {2010},
    reportNumber  = "arXiv:1009.1003",
    url           = "https://cds.cern.ch/record/1289965",
}

@article{st0132,
	author = "Royston, P.",
	title = "Profile likelihood for estimation and confidence intervals",
	journal = "Stata Journal",
	publisher = "Stata Press",
	address = "College Station, TX",
	volume = "7",
	number = "3",
	year = "2007",
	pages = "376-387(12)",
}

@techreport{TOPCOMMONSYSTEMATICS,
       type          = {\unskip\space},
     author        = "Maier, Andreas Alexander",
      title         = "{Statistical and systematic treatment issues in top quark
                       mass combinations}",
      institution   = "CERN",
      address       = "Geneva",
      number        = "ATL-PHYS-PROC-2015-168",
      year          = "2015",
      reportNumber  = "ATL-PHYS-PROC-2015-168",
      url           = "https://cds.cern.ch/record/2110988",
}

@article{Balagura:2011yw,
      author         = "Balagura, Vladislav",
      title          = "{Notes on van der Meer Scan for Absolute Luminosity
                        Measurement}",
      journal        = "Nucl. Instrum. Meth.",
      volume         = "A654",
      year           = "2011",
      pages          = "634-638",
      doi            = "10.1016/j.nima.2011.06.007",
      eprint         = "1103.1129",
      archivePrefix  = "arXiv",
      primaryClass   = "physics.ins-det",
      SLACcitation   = "%%CITATION = ARXIV:1103.1129;%%"
}

%%%%%%%%%%%%%%%%%%%%%%%%%%%%%%%%%%%%%

@article{Aad:2013ucp,
      author         = {{ATLAS Collaboration}},
      title          = "{Improved luminosity determination in pp collisions at
                        sqrt(s) = 7 TeV using the ATLAS detector at the LHC}",
      journal        = "Eur. Phys. J.",
      volume         = "C73",
      year           = "2013",
      number         = "8",
      pages          = "2518",
      doi            = "10.1140/epjc/s10052-013-2518-3",
      eprint         = "1302.4393",
      archivePrefix  = "arXiv",
      primaryClass   = "hep-ex",
      reportNumber   = "CERN-PH-EP-2013-026",
      SLACcitation   = "%%CITATION = ARXIV:1302.4393;%%"
}

@article{JETUNCERTAINTIES,
      author       = {{ATLAS Collaboration}},
      title         = "{Jet energy measurement and systematic uncertainties using tracks for jets and for b-quark jets produced in proton-proton collisions at $\sqrt{s} = 7$ TeV in the ATLAS detector}",
      institution   = "CERN",
      address       = "Geneva",
      journal        = "ATLAS-CONF-2013-002",
      url           = "https://cds.cern.ch/record/1504739",
}

@techreport{muonSFWiki,
       type          = {\unskip\space},
     author        = "Spearman, W",
      title         = "{Study of the ATLAS muon identification efficiency in the
                       presence of high pile-up}",
      institution   = "CERN",
      address       = "Geneva",
      number        = "ATL-MUON-PROC-2012-007",
      year          = "2012",
      reportNumber  = "ATL-MUON-PROC-2012-007",
      url           = "https://cds.cern.ch/record/1478180",
}

@article{Fayard:2060328,
      author        = "Fayard, Louis and Goudet, Christophe Raymond and
                       Guillemin, Thibault and Iconomidou-Fayard, Lydia and
                       Manzoni, Stefano and Tackmann, Kerstin and Turra, Ruggero
                       and Mastrandrea, Paolo and Unal, Guillaume",
      title         = "{Energy calibration prerecommendation for Run 2}",
      institution   = "CERN",
      journal        = "ATL-COM-PHYS-2015-1300",
      year          = "2015",
      url           = "https://cds.cern.ch/record/2060328",
}

@article{METWiki,
      author       = {{ATLAS Collaboration}},
      title         = "{Reconstruction and Calibration of Missing Transverse
                       Energy and Performance in Z and W events in ATLAS
                       Proton-Proton Collisions at 7 TeV}",
      institution   = "CERN",
      address       = "Geneva",
      journal        = "ATLAS-CONF-2011-080",
      url           = "https://cds.cern.ch/record/1355703",
}

@article{ATL-PHYS-PUB-2015-015,
      author        = {{ATLAS Collaboration}},
      title         = "{Jet Calibration and Systematic Uncertainties for Jets
                       Reconstructed in the ATLAS Detector at $\sqrt{s}=13$ TeV}",
      institution   = "CERN",
      journal        = "ATL-PHYS-PUB-2015-015",
      year          = "2015",
      url           = "https://cds.cern.ch/record/2037613",
}

@article{JERWiki,
      author       = {{ATLAS Collaboration}},
      title         = "{Jet global sequential corrections with the ATLAS detector
                       in proton-proton collisions at sqrt(s) = 8 TeV}",
      institution   = "CERN",
      address       = "Geneva",
      journal        = "ATLAS-CONF-2015-002",
      url           = "https://cds.cern.ch/record/2001682",
}

@article{Aad:2015ydr,
      author         = {{ATLAS Collaboration}},
      title          = "{Performance of $b$-Jet Identification in the ATLAS
                        Experiment}",
      journal        = "JINST",
      volume         = "11",
      year           = "2016",
      number         = "04",
      pages          = "P04008",
      doi            = "10.1088/1748-0221/11/04/P04008",
      eprint         = "1512.01094",
      archivePrefix  = "arXiv",
      primaryClass   = "hep-ex",
      reportNumber   = "CERN-PH-EP-2015-216",
      SLACcitation   = "%%CITATION = ARXIV:1512.01094;%%"
}

@misc{ttbarxsecUNCERT,
author={{LHC Top Working Group}},
howpublished= {\url{https://twiki.cern.ch/twiki/bin/view/LHCPhysics/TtbarNNLO}},
title = " NNLO+NNLL top-quark-pair cross sections "
}

@misc{sgtopxsecUNCERT,
author={{LHC Top Working Group}},
howpublished= {\url{https://twiki.cern.ch/twiki/bin/view/LHCPhysics/SingleTopRefXsec }},
title = " NLO single-top channel cross sections "
}

@techreport{ttVxsecUNCERT,
      type          = {\unskip\space},
      author        = "Suster, Carl Joseph Edmund",
      title         = "{$ttW$ and $ttZ$ production cross section in leptonic
                       final states at 8 TeV with ATLAS}",
      institution   = "CERN",
      address       = "Geneva",
      number        = "ATL-PHYS-PROC-2015-156",
      year          = "2015",
      reportNumber  = "ATL-PHYS-PROC-2015-156",
      url           = "https://cds.cern.ch/record/2108895",
}